2648 3533
329 585 454 625 RIVS
483 584 571 625 CIL
591 585 610 624 Ι
640 586 718 625 554
747 599 785 625 a.
814 583 1054 634 Dcxxe‘-
1075 585 1145 636 qui
1175 584 1324 625 titulus
1353 578 1478 627 habet
1498 587 1623 626 etiam
1644 584 1708 626 ΙΙΙ
1731 584 1921 626 VIRE-
1939 590 1982 627 et
2005 585 2083 639 leg
2103 580 2424 640 agr.DcX12111

329 651 352 703 ξ
381 651 444 691 89.
489 649 522 690 Ε
567 663 641 703 pro
681 655 698 690 ῑ
740 664 790 691 ex
833 651 875 691 ie
918 654 1017 691 nata
1052 648 1246 689 scribitur
1275 650 1399 690 etiam
1429 648 1571 690 Caton.
1602 650 1652 690 de
1681 650 1806 702 agric.
1839 651 1926 690 141.
1956 650 1993 689 2.
2023 650 2110 691 cod.
2141 650 2166 691 b
2194 651 2318 704 seris
2344 664 2432 705 pro.

329 715 443 755 sIris
490 728 541 755 ex
570 714 726 756 'sieris'.
782 714 844 755 Ex
875 714 1016 755 eodem
1046 725 1193 765 genere
1222 716 1285 753 est
1315 713 1554 767 VERRE[s]
1581 713 1678 754 Gar.
1709 714 1816 754 2264
1843 727 1917 765 pro
1946 714 2151 756 Verries·
2168 714 2277 767 quod
2304 719 2421 757 est-a

331 393 490 434 confert
529 392 665 433 umbr.
694 392 821 444 pufe,
862 391 932 433 sed
958 396 976 432 ῑ
1004 392 1266 433 nouissimam
1296 392 1431 434 uerbi
1442 392 1486 434 in
1513 392 1590 435 hoc
1617 397 1702 435 tam
1731 352 1933 449 ambiguo
1952 397 1997 442 et
2022 348 2170 441 medi6
2182 409 2286 449 sona
2304 401 2437 449 mm·

332 457 432 500 sisse
460 461 648 498 auctores
677 461 774 497 sunt
802 455 1084 505 Quintilianus
1112 455 1131 495 Ι
1159 457 1195 495 4.
1229 458 1273 496 11
1305 460 1347 496 et
1376 456 1518 498 Velius
1546 457 1731 509 Longus
1740 457 1885 498 49.16
1918 453 1964 499 Κ.
1994 455 2042 499 et
2074 453 2316 509 Consentia!
2341 454 2447 516 ζεῦ
2542 459 2568 517 ’,Δ
2596 459 2599 461 ”

331 521 387 570 K,
416 534 509 561 cum
538 521 587 561 de
616 520 711 561 aliis
741 525 828 561 tum
857 520 907 561 de
937 520 1076 561 uerbis
1105 520 1195 560 Veli
1225 521 1314 572 agit
1342 519 1559 561 Seelmann
1588 520 1639 562 de
1668 534 1767 564 uoce
1795 521 1927 562 latina
1955 535 1994 574 Ρ.
2019 522 2094 563 199
2113 529 2174 574 sq'.
2192 522 2422 567 —BAPE-
2556 519 2588 555 ἶ*

332 779 548 827 Verrios;
577 779 652 818 illa
680 779 812 818 forma
842 778 1016 818 'Verres'
1047 777 1226 817 obtinuit
1256 791 1343 817 usu.
1389 777 1593 817 Faliscum
1622 782 1684 818 est
1712 776 1900 817 LEVIEI
1919 778 1999 818 829
2021 779 2046 818 b
2067 778 2272 828 Schneid.;
2296 778 2444 820 Prae-—
2508 766 2512 769 ἱ
2591 761 2593 763 ”
2636 746 2648 813 Γ

328 843 532 882 uestinum
580 841 804 882 VEBIDIA
833 841 875 881 C.
906 842 939 880 Ι.
971 841 1014 881 L.
1046 841 1077 880 I.
1111 841 1204 889 1563
1248 844 1289 879 et
1331 841 1507 892 priscam
1551 844 1729 882 aetatem
1772 853 1930 881 amasse
1973 841 2013 880 V
2041 841 2206 883 litterae
2234 840 2268 880 E
2296 855 2371 894 pro
2398 838 2421 883 Ι
2471 847 2474 849 ’

328 906 503 946 subdere
545 906 725 946 ostendit
768 905 928 945 Ritschl
970 905 1042 957 Op.
1086 903 1127 943 11
1171 906 1220 944 78
1268 917 1357 955 sqq.
1414 904 1532 945 Cftur
1575 904 1714 944 Velius
1756 904 1920 956 Longus
1964 918 2000 955 p.
2032 906 2094 945 75.
2132 906 2181 945 19
2210 919 2267 958 sq.
2299 905 2347 946 Κ.
2376 909 2419 947 et

327 970 559 1009 Brambach
588 970 670 1008 Zur
698 969 828 1020 Neug.
858 970 896 1007 d.
926 966 1000 1008 lat.
1030 967 1143 1007 Orth.
1172 982 1212 1019 p.
1242 969 1318 1005 124
1348 981 1406 1019 sq.

434 1032 476 1072 Si
520 1046 602 1083 qua
644 1033 728 1072 alia
769 1032 875 1073 forte
917 1033 956 1072 in
1001 1032 1076 1072 hoc
1118 1045 1285 1071 numero
1313 1044 1401 1071 esse
1430 1031 1645 1071 referenda
1675 1030 1880 1077 uidentur,
1910 1035 2048 1071 tamen
2076 1045 2126 1072 ex
2155 1031 2238 1072 alio
2267 1044 2415 1084 genere

326 1100 432 1136 sunt.
489 1095 602 1136 Nesi
645 1097 685 1136 in
729 1096 817 1148 lege
863 1095 1087 1147 Spoletina,
1130 1108 1208 1135 non
1251 1095 1349 1139 nesi,
1393 1094 1441 1134 cf.
1473 1094 1593 1134 Pauli
1624 1094 1737 1134 Stud.
1768 1094 1786 1133 1
1820 1096 1866 1135 18
1895 1107 1971 1146 sq.;
2000 1098 2042 1135 et
2070 1102 2125 1135 ne
2160 1096 2237 1136 nei
2270 1100 2328 1139 ιιῑ,
2364 1096 2415 1137 de

326 1161 477 1211 quibus
520 1161 678 1199 Ritschl
721 1161 816 1199 diss.
860 1160 933 1211 Op.
977 1160 1018 1198 II
1062 1161 1138 1198 622
1181 1172 1255 1208 sq„
1298 1159 1375 1198 hoc
1417 1159 1572 1203 ordine,
1602 1172 1724 1209 quam
1759 1159 1859 1200 dixi.
1895 1159 2007 1199 aliud
2036 1173 2086 1199 ex
2115 1159 2198 1199 alio
2226 1159 2415 1211 deinceps

326 1226 437 1265 saeta
479 1227 593 1273 sunt3
637 1231 686 1265 ne
730 1225 835 1265 enim
880 1222 1121 1275 principalis
1162 1223 1311 1271 forma;
1355 1222 1547 1263 similiter
1590 1222 1622 1261 E
1664 1226 1706 1262 et
1747 1221 1767 1261 Ι
1801 1223 2040 1263 coniunctae
2069 1223 2158 1264 uice
2186 1222 2221 1263 E
2249 1222 2415 1265 litterae

324 1288 551 1340 productae
593 1289 800 1329 interdum
829 1288 891 1327 VI
921 1288 1082 1328 saeculo
1111 1287 1276 1327 functae
1306 1292 1403 1327 sunt
1431 1288 1472 1326 in
1503 1287 1583 1326 his:
1615 1286 1783 1326 PLEIB.
1842 1286 1946 1338 Eph.
1976 1300 2037 1338 ep.
2069 1289 2104 1326 1.
2137 1289 2154 1326 1
2188 1301 2225 1327 ιι.
2256 1289 2294 1337 3,
2324 1288 2413 1328 DE-

324 1352 546 1392 CREIVIT
588 1353 638 1391 96
682 1352 869 1392 Schneid.
898 1353 997 1393 Gar.
1027 1353 1104 1392 876
1134 1365 1157 1389 a
1186 1351 1344 1399 DLXL,
1373 1351 1424 1390 cf.
1455 1351 1561 1390 Iord.
1592 1351 1678 1390 Btr.
1709 1364 1747 1401 p.
1777 1352 1824 1389 27
1856 1364 1943 1402 sqq.
2000 1351 2080 1390 Illa
2107 1364 2204 1392 uero
2231 1355 2414 1402 praeter-

324 1416 456 1460 mitto,
499 1419 545 1454 ut
586 1415 639 1455 ab
666 1429 727 1455 -eo
756 1415 864 1466 quod
894 1414 1131 1465 quaerimus
1160 1413 1336 1460 diuersa,
1366 1414 1409 1454 in
1439 1413 1587 1464 quibus
1615 1417 1677 1454 est
1704 1420 1727 1454 e
1755 1427 1830 1465 pro
1858 1415 1894 1454 ei
1922 1414 2154 1466 principali,
2188 1419 2234 1455 ut
2262 1416 2414 1456 ameci

324 1478 440 1518 Paul.
485 1479 592 1518 Fest.
636 1492 675 1530 p.
721 1479 781 1521 15,
824 1479 873 1518 de
903 1491 982 1530 quo
1018 1477 1217 1518 uocabulo
1251 1478 1301 1516 cf.
1330 1477 1514 1517 Corssen.
1550 1477 1591 1515 11
1622 1478 1717 1525 2513
1747 1477 1895 1517 deuas
1922 1477 2135 1517 Corniscas
2162 1477 2247 1517 CIL
2276 1480 2333 1518 VI
2363 1481 2413 1518 96

323 1543 434 1583 Saes.
481 1543 546 1582 VI.
590 1546 728 1582 utrum
771 1557 846 1594 pro
888 1543 1078 1582 deiuais
1120 1556 1172 1581 an
1215 1542 1380 1581 diuais
1422 1542 1622 1592 scriptum
1665 1541 1730 1588 sit,
1765 1545 1828 1580 est
1855 1541 2111 1592 ambiguum;
2140 1541 2225 1581 hec
2255 1542 2320 1581 tit.
2350 1542 2413 1583 Sc.

322 1606 444 1646 Barb.
474 1606 531 1646 fil.
560 1611 622 1646 est
650 1620 724 1658 pro
753 1606 870 1654 heic,
900 1609 946 1646 ut
975 1606 1045 1646 fal.
1076 1606 1145 1645 he.

429 1670 570 1711 Sermo
611 1671 793 1711 rusticus
828 1678 849 1710 e
878 1684 953 1722 pro
979 1675 996 1709 ῑ
1024 1670 1159 1709 dicere
1189 1669 1350 1710 solebat
1378 1670 1501 1709 etiam
1531 1667 1738 1708 Ciceronis
1766 1671 1807 1707 et
1839 1667 2034 1708 Varronis
2061 1671 2219 1718 aetate3
2250 1669 2299 1708 de
2329 1681 2412 1720 qua

321 1748 365 1774 re
398 1734 528 1775 Varro
558 1735 631 1774 RR
660 1735 679 1774 I
709 1737 787 1775 214
816 1739 858 1775 et
886 1734 1026 1775 Cicero
1056 1734 1106 1774 de
1135 1733 1203 1774 Or.
1234 1734 1297 1774 111
1330 1736 1388 1773 ll.
1419 1735 1469 1773 42
1499 1736 1541 1773 et
1573 1732 1714 1773 Velius
1744 1732 1905 1784 Longus
1933 1746 1971 1784 p.
2001 1733 2063 1773 49.
2086 1733 2147 1773 20.
2169 1733 2218 1774 K.
2239 1747 2411 1776 comme-

320 1802 495 1840 morant.
552 1798 656 1839 Nam
686 1799 765 1839 fuit
794 1798 1000 1840 Ciceronis
1028 1801 1165 1839 aetate
1195 1798 1374 1839 alterum
1403 1810 1530 1850 genus
1559 1810 1700 1837 eorum
1730 1797 1800 1848 qui
1829 1796 2030 1837 urbanam
2060 1797 2309 1838 suauitatem
2331 1797 2410 1838 leni

319 1863 596 1914 appellatione
626 1863 863 1903 litterarum
894 1864 1022 1903 secuti
1053 1867 1095 1902 et
1123 1877 1364 1915 graecorum
1395 1863 1639 1910 exilitatem,
1670 1866 1716 1900 ut
1744 1862 1804 1900 ait
1832 1859 1987 1908 Cicero,
2014 1862 2182 1911 imitati,
2210 1863 2411 1902 crassiora

318 1933 360 1967 et
402 1929 631 1979 pinguiora,
674 1932 721 1968 ut
763 1929 1012 1979 subrustica,
1046 1928 1252 1978 uita-ibant,
1282 1928 1396 1968 cuius
1425 1926 1654 1979 exemplum
1683 1925 1822 1966 Cicero
1852 1923 2044 1966 Catulum
2073 1926 2264 1978 proponit
2292 1925 2409 1966 Brut.

317 1992 340 2044 ξ
369 1993 447 2032 259
476 1996 518 2032 et
546 1992 596 2032 de
625 1992 693 2031 Or.
724 1992 751 2031 l.
780 2006 826 2042 c.,
856 1992 1035 2032 alterum
1065 1993 1136 2044 qui
1166 1993 1392 2032 dilatandis
1421 1992 1572 2032 litteris
1601 2003 1780 2041 sonoque
1810 1991 1920 2030 uocis
1941 1991 2096 2042 agresti
2117 1992 2410 2042 antiquitatem

317 2056 543 2097 Romanam
573 2056 860 2104 imitabantur,
890 2057 1005 2095 cuius
1034 2058 1092 2095 rei
1122 2056 1353 2107 exemplum
1384 2056 1462 2094 fuit
1491 2055 1534 2094 L.
1564 2054 1686 2094 Cotta
1714 2054 1830 2094 Brut.
1860 2055 1883 2105 ξ
1917 2055 1988 2093 137
2018 2060 2060 2094 et
2089 2054 2206 2094 ll.cc.
2236 2049 2409 2096 Praeter

317 2121 423 2160 hanc
466 2120 743 2160 rusticitatem
786 2120 900 2160 nulla
942 2120 1063 2159 huius
1104 2121 1163 2159 rei
1205 2120 1393 2169 exempla
1437 2120 1575 2159 inueni
1610 2120 1745 2170 priore
1780 2122 1898 2169 parte
1928 2131 2030 2158 saec.
2062 2117 2140 2158 VII
2169 2119 2410 2169 posteriora,

318 2184 396 2223 nisi
437 2184 554 2223 haec:
599 2183 705 2222 Iera
748 2187 790 2222 et
818 2183 1014 2223 delerus
1043 2207 1081 2211 —
1110 2184 1142 2223 si
1171 2183 1289 2224 modo
1317 2183 1462 2223 horum
1492 2190 1513 2222 e
1543 2182 1679 2222 media
1707 2185 1769 2221 est
1797 2194 1823 2221 a
1851 2181 2068 2233 principali
2094 2185 2121 2228 i,
2151 2182 2194 2221 in
2223 2183 2408 2233 cognatis

318 2248 426 2287 enim
470 2247 623 2298 linguis
665 2251 826 2286 exstant
868 2250 909 2287 et
951 2246 1044 2287 lisa
1086 2251 1127 2287 et
1170 2248 1292 2287 leisa
1322 2271 1356 2275 -
1387 2247 1496 2297 quod
1530 2250 1667 2287 aetate
1700 2245 1894 2285 Varronis
1923 2245 2102 2285 nondum
2131 2245 2407 2294 obsoleuerat3

319 2311 682 2360 grammaticorum
712 2310 762 2350 de
794 2310 909 2350 ’Iera'
939 2315 983 2350 et
1010 2309 1175 2350 'delero’
1204 2311 1441 2351 testimonia
1469 2311 1509 2349 in
1539 2316 1663 2350 unum
1688 2309 1819 2350 locum
1841 2308 2015 2349 contulit
2034 2307 2248 2349 Seelmann
2271 2308 2296 2348 l.
2319 2322 2352 2348 c.
2368 2322 2408 2360 p.

320 2375 389 2413 191
437 2379 478 2413 et
511 2374 741 2413 Brambach
770 2374 854 2413 Zur
883 2373 1076 2425 Neugest.
1106 2388 1145 2425 p.
1175 2376 1238 2414 43.
1296 2374 1470 2414 Perraro
1499 2375 1629 2425 igitur
1656 2374 1751 2414 inde
1779 2387 1804 2413 a
1832 2373 1966 2413 medio
1997 2373 2158 2413 saeculo
2196 2373 2293 2422 Vll,
2322 2374 2355 2413 si
2383 2387 2409 2413 a

315 2437 480 2476 rusticis
521 2437 766 2488 quibusdam
796 2437 1007 2477 uocabulis
1036 2438 1282 2484 discesseris,
1314 2438 1346 2476 E
1375 2451 1449 2489 pro
1475 2443 1491 2477 ῑ
1519 2439 1717 2488 scriptum
1747 2441 1828 2484 est3
1857 2441 1900 2477 et
1929 2438 2061 2487 magis
2092 2437 2303 2490 magisque
2331 2449 2407 2476 usu

316 2501 430 2541 uenit
472 2505 518 2541 ut
560 2500 615 2540 EI
659 2502 746 2541 uice
787 2506 802 2540 i
845 2501 957 2541 uocis
998 2500 1224 2552 productae
1267 2502 1510 2552 fungeretur
1553 2515 1631 2542 non
1660 2501 1779 2542 modo
1808 2501 1840 2541 si
1871 2501 1924 2541 ab
1953 2502 1994 2542 ei
2024 2501 2279 2554 diphthongo
2307 2504 2408 2542 nata

314 2569 418 2612 erat,
461 2564 530 2604 sed
560 2566 685 2605 etiam
714 2578 789 2616 pro
816 2570 831 2604 i
861 2565 1089 2617 principali.
1148 2564 1294 2616 Itaque
1324 2567 1364 2605 in
1394 2565 1572 2606 miliario
1600 2565 1830 2618 Popilliano
1858 2579 1894 2605 a.
1924 2564 2112 2605 DCXXII
2141 2568 2203 2605 est
2231 2564 2404 2606 POSEI-

314 2628 409 2668 VEI
451 2642 525 2680 pro
558 2628 772 2670 POSIVEI
807 2630 1005 2681 scriptum
1035 2653 1070 2657 —
1100 2629 1215 2669 cuius
1246 2630 1434 2670 uocabuli
1464 2631 1663 2682 originem
1692 2629 1854 2671 Osthoff
1880 2629 1933 2670 M.
1964 2629 2014 2670 U.
2044 2629 2099 2669 IV
2134 2629 2220 2670 133.
2254 2629 2329 2676 143
2356 2629 2405 2670 G.

311 2693 352 2734 d.
382 2692 490 2733 Pers.
521 2693 597 2733 612
627 2707 651 2733 a
680 2698 730 2733 si·
762 2692 961 2744 (Froehde
990 2697 1127 2733 autem
1157 2693 1225 2733 BB
1253 2693 1272 2733 Ι
1307 2694 1380 2733 197
1408 2707 1434 2734 a
1463 2693 1592 2747 kshi·)
1622 2693 1736 2734 ducit
1756 2708 1806 2744 —;
1835 2697 2051 2748 praeterea
2071 2694 2260 2748 exempla
2279 2708 2317 2734 u.
2338 2707 2403 2747 ap.

313 2756 709 2797 Corssenum1719
739 2772 797 2809 sq.
855 2757 1039 2797 Lucilius
1081 2771 1171 2797 cum
1214 2759 1484 2809 promiscuam
1527 2772 1617 2798 eam
1660 2760 1907 2810 scripturam
1949 2760 2010 2799 ita
2052 2758 2316 2807 discerneret,
2357 2762 2405 2798 ut

310 2820 506 2872 pinguius
547 2819 603 2859 ΕΙ
645 2822 855 2867 scriberet,
891 2820 1040 2862 exilius
1069 2820 1100 2869 Ι,
1130 2825 1267 2861 tamen
1297 2822 1333 2861 ei
1362 2835 1436 2873 pro
1464 2827 1479 2861 ῑ
1507 2822 1723 2874 principali
1752 2823 1793 2863 in
1821 2822 2007 2863 meilite
2035 2825 2083 2862 et
2111 2821 2337 2873 meilitia,
2367 2822 2402 2861 si

311 2883 432 2924 modo
473 2884 745 2935 ueriloquium
788 2898 944 2933 uerum,
987 2888 1124 2935 spreto
1166 2889 1318 2931 uetere,
1362 2886 1476 2925 dedit
1518 2886 1806 2927 Bartholomae
1835 2887 1971 2927 Kuhn.
2001 2887 2106 2926 Ann.
2138 2885 2295 2926 XXVII
2324 2885 2400 2925 337
2471 2915 2474 2916 γ

311 2949 486 2989 *mizdes
515 2948 649 2998 miles3
680 2949 828 3001 peilum
859 2949 1049 2997 dubium3
1078 2953 1215 2989 cetera
1244 2950 1365 2990 huius
1385 2950 1548 3002 generis
1568 2949 1780 2991 Luciliana
1800 2950 1855 2991 EI
1876 2951 2056 2991 retinent
2075 2951 2269 3001 antiquae
2290 2950 2402 2990 uocis

310 3012 470 3052 tradita
498 3013 703 3052 memoria.
755 3013 904 3053 Verum
935 3016 1071 3052 tamen
1094 3027 1171 3053 non
1192 3013 1310 3053 modo
1330 3014 1563 3066 principum
1583 3014 1808 3064 dominatu,
1828 3014 1937 3065 quod
1959 3027 2009 3053 ex
2028 3027 2075 3054 eo
2095 3014 2204 3064 quod
2224 3012 2401 3062 Scaurus

311 3078 371 3116 19.
406 3077 455 3114 10
482 3075 521 3115 K
549 3075 650 3116 dicit
678 3077 845 3124 conicio,
874 3077 1093 3116 discrimen
1123 3077 1226 3116 illud
1258 3077 1513 3118 Lucilianum
1544 3077 1702 3118 urbana
1732 3079 1897 3129 quidem
1916 3090 2016 3118 uoce
2036 3090 2116 3118 non
2134 3079 2215 3118 iam
2236 3080 2299 3118 est
2318 3076 2398 3118 sac-
