2648 3533
0 3355 32 3533 Rffffgs'sfl-'Q
0 3267 31 3343 '‘⁷3¹7-„·.
8 3205 21 3224 ι.
5 3161 9 3164 ·
12 3131 16 3134 .

38 3500 54 3515 ⁴<
37 3472 51 3487 ..ι
37 3371 47 3382 ,.
38 3313 41 3315 .
38 3276 43 3282 .
34 3234 37 3237 -
38 3200 41 3201 ,

60 3502 68 3514 ,
57 3425 61 3431 .
60 3346 62 3348 .

1043 938 1499 1012 Excursus
1544 937 1598 1010 I.

1144 1087 1205 1129 de
1238 1088 1352 1129 Iano
1385 1086 1510 1128 Sole.

391 1195 734 1245 Antiquissimum
774 1197 823 1236 de.
852 1197 951 1238 Iano
981 1200 1255 1239 testimonium
1285 1204 1346 1239 est
1374 1200 1563 1239 Lutatii
1593 1199 1878 1250 Daphnidis,
1914 1200 1984 1250 qui
2013 1198 2186 1239 libertus
2214 1199 2354 1248 fuitQ.

279 1239 432 1308 Catuli,
474 1259 561 1298 eius
600 1260 670 1310 qui
700 1272 725 1298 a
752 1258 795 1299 C.
827 1259 960 1301 Mario
987 1267 1160 1303 mortem
1188 1263 1263 1303 sibi
1293 1264 1378 1315 ipse
1406 1264 1655 1303 consciscere
1684 1267 1746 1303 est
1774 1266 1951 1303 coaetus.
2007 1263 2048 1303 Is
2077 1262 2263 1315 Daphnis
2291 1263 2355 1304 la-

280 1335 376 1364 num
408 1322 539 1363 Solem
568 1336 654 1363 esse
682 1323 801 1362 dixit.
817 1323 956 1365 Ioann.
974 1325 1074 1377 Lyd.
1091 1325 1140 1366 de
1157 1340 1280 1367 mens.
1297 1326 1393 1366 IIII.
1411 1327 1448 1367 2.
1464 1341 1501 1402 p.
1519 1326 1690 1378 52B(p.
1711 1323 1901 1378 148R)‘
1904 1324 1995 1377 Ὀγε
2019 1324 2098 1378 μὴν
2112 1325 2355 1373 Λουτάτιος

266 1385 416 1428 Ἥλιον
461 1386 567 1439 (scil.
612 1383 743 1425 Ἰανὸν
789 1381 898 1426 εἶναι
944 1386 1117 1440 νομίζει)
1162 1388 1276 1443 παρὰ
1322 1389 1371 1428 τὸ
1419 1385 1481 1444 ἐφ’
1530 1386 1723 1439 ἑκατέρας
1768 1388 1899 1442 πύλης
1949 1384 2105 1439 ἄρχειν,
2156 1386 2357 1442 ἀνατολῆς

277 1448 379 1498 ἴσως
418 1449 489 1489 καὶ
530 1450 696 1496 δύσεως.
806 1450 902 1491 Post
943 1465 1035 1491 eum
1077 1451 1306 1504 Nigidius
1349 1453 1555 1504 Figulus
1596 1467 1660 1504 ap.
1705 1453 1880 1493 Macrob.
1923 1453 1960 1493 S.
2004 1453 2024 1493 Ι
2053 1454 2090 1493 9.
2119 1453 2143 1493 8
2177 1452 2352 1494 latinum

276 1515 420 1556 Ianum
450 1513 622 1555 eundem
652 1527 737 1554 esse
765 1514 898 1555 uoluit
925 1519 1051 1567 atque
1079 1529 1270 1567 graecum
1302 1517 1544 1569 Apollinem.
1601 1516 1679 1557 Pro
1708 1516 1799 1558 Sole
1815 1517 1963 1558 Ianum
1979 1516 2215 1557 habuerunt
2228 1517 2352 1557 etiam

275 1580 431 1632 physici
473 1579 540 1618 uel
568 1578 797 1630 platonicae
826 1582 959 1620 sectae
990 1580 1056 1620 uel
1085 1582 1249 1630 stoicae,
1278 1584 1325 1621 ut
1354 1581 1407 1620 M.
1437 1579 1671 1620 Messalla
1700 1593 1764 1632 ap.
1796 1580 1974 1620 Macrob.
2005 1580 2032 1620 S
2060 1581 2094 1619 I.
2125 1582 2160 1620 9.
2190 1581 2254 1626 14,
2283 1593 2352 1620 cu·

274 1645 339 1684 ius
366 1644 507 1691 uerba,
536 1656 626 1682 cum
655 1643 706 1682 ad
736 1643 912 1682 alterum
942 1657 1158 1684 excursum
1188 1659 1424 1697 peruenero,
1453 1644 1685 1696 explicab03
1708 1649 1754 1684 ut
1783 1643 2096 1691 lamblichus,
2125 1644 2213 1683 siue
2243 1642 2349 1683 alius

271 1707 354 1748 fuit
395 1706 636 1758 platonicus,
669 1707 783 1746 cuius
825 1707 1054 1748 doctrinam
1096 1708 1293 1749 Macrobii
1321 1713 1465 1749 auctor
1493 1722 1559 1760 ap.
1592 1708 1719 1748 Macr.
1764 1707 1801 1747 S.
1833 1706 1865 1746 1.
1895 1707 1930 1746 9.
1961 1706 2011 1745 16
2041 1706 2171 1746 latine
2199 1705 2348 1746 reddit.

275 1771 328 1810 Hi
357 1770 481 1811 solem
510 1770 649 1810 mundi
678 1774 879 1811 rectorem
909 1784 994 1812 esse
1023 1772 1237 1824 putabant.
1293 1772 1406 1814 Inter
1433 1773 1679 1813 recentiores
1707 1770 1839 1811 Solem
1867 1770 1920 1810 ab
1948 1770 2245 1822 antiquissimis
2268 1769 2348 1810 Ro-

273 1836 403 1876 manis
443 1834 589 1875 Ianum
630 1847 716 1874 esse
757 1834 943 1875 habitum
984 1840 1132 1887 putant
1160 1837 1386 1878 Buttmann
1415 1837 1505 1877 Act.
1535 1836 1603 1876 Ac.
1635 1834 1812 1875 Berolin.
1843 1834 2050 1874 1816-17
2080 1848 2120 1886 p.
2151 1835 2224 1874 127
2252 1847 2340 1886 sqq.

272 1900 346 1952 (z
373 1898 542 1952 Mythol.
572 1898 614 1938 11
643 1899 694 1938 70
722 1899 846 1950 sqq),
875 1899 1066 1940 Gerbard
1079 1899 1171 1941 Ges.
1191 1900 1442 1941 Abhandl.I.
1460 1901 1550 1949 311,
1578 1898 1737 1940 Preller
1752 1898 2071 1951 Myth01.⁸1167
2088 1911 2176 1950 sqq.
2200 1897 2349 1938 Iordan

273 1963 362 2004 Btr.
391 1977 429 2014 p.
459 1963 549 2002 224.

378 2026 484 2067 Huic
512 2027 739 2067 sententiae
780 2026 955 2067 finitima
1000 2031 1063 2068 est
1090 2041 1251 2068 eorum
1281 2029 1590 2079 antiquorum
1621 2027 1703 2079 qui
1731 2027 1879 2067 Ianum
1908 2026 2079 2067 eundem
2109 2039 2194 2067 esse
2223 2030 2348 2077 atque

272 2091 405 2132 Solem
433 2094 476 2130 et
503 2090 659 2130 Lunam
690 2091 880 2130 dicebant
908 2095 950 2131 et
978 2091 1020 2130 in
1050 2091 1125 2131 hoc
1154 2105 1234 2131 uno
1263 2098 1484 2143 utrumque
1513 2092 1689 2142 exprimi
1718 2104 1865 2130 numen
1893 2090 2090 2138 (Macrob.
2121 2090 2158 2130 S.
2189 2091 2222 2129 I.
2244 2092 2281 2130 9.
2297 2092 2346 2141 5).

271 2156 387 2196 Inter
433 2155 681 2195 recentiores
708 2154 889 2206 Georges
918 2154 1014 2196 lex-⁷
1046 2168 1077 2195 s.
1107 2169 1145 2195 u.
1201 2154 1425 2207 Boettigeri
1454 2155 1693 2196 auctoritati
1722 2167 1763 2195 se
1791 2153 1999 2206 applicans
2027 2153 2119 2194 Iani
2151 2153 2341 2195 bifrontis

255 2220 378 2259 »hanc
421 2217 625 2269 duplicem
662 2230 749 2258 esse
790 2221 1036 2270 potestatem
1078 2218 1191 2258 dicit.
1260 2218 1375 2266 Quod
1406 2219 1621 2268 quominus
1648 2218 1811 2269 probem
1841 2230 1963 2256 causa
1991 2221 2054 2256 est
2081 2216 2188 2267 quod
2218 2216 2346 2256 Ianus

270 2286 493 2333 utrumque
521 2293 564 2321 os
593 2282 702 2333 gerit
729 2281 861 2333 uirile,
892 2282 1010 2322 Luna
1039 2282 1231 2323 Romanis
1259 2295 1417 2333 semper
1445 2285 1535 2322 erat
1565 2282 1652 2321 dea.

377 2345 481 2386 Sunt
508 2345 578 2396 qui
606 2350 752 2397 putent
779 2345 927 2385 Ianum
958 2346 1058 2386 nihil
1087 2346 1199 2386 aliud
1229 2359 1315 2386 esse
1343 2359 1467 2397 quam
1495 2346 1613 2386 deum
1644 2350 1854 2398 portarum
1871 2348 1912 2385 et
1926 2345 2230 2397 principiorum.
2280 2345 2348 2386 In-

268 2414 333 2451 ter
361 2412 551 2461 antiquos
579 2410 742 2449 nomino
771 2409 1069 2459 Ciceronem,
1098 2412 1212 2449 cuius
1240 2411 1290 2449 de
1318 2411 1395 2449 hac
1424 2423 1468 2449 re
1497 2410 1625 2449 uerba
1653 2413 1748 2449 sunt
1776 2408 1825 2447 N.
1854 2408 1902 2447 D.
1932 2408 1973 2447 II
2002 2409 2025 2460 ξ
2054 2409 2119 2456 67,
2147 2409 2256 2449 inter
2285 2422 2347 2449 re—

268 2475 468 2515 centiores
495 2472 590 2513 Chr.
619 2472 823 2521 Canania,
853 2474 969 2514 lexic.
1001 2488 1030 2514 s.
1056 2488 1099 2518 vu.
1128 2480 1169 2513 et
1198 2474 1268 2514 Th.
1301 2475 1521 2514 Mommsen
1550 2473 1656 2514 Hist.
1687 2473 1819 2513 Rom.⁷
1851 2471 1886 2512 I.
1903 2473 1979 2513 165
1997 2486 2090 2513 ann.
2134 2472 2241 2513 Huic
2254 2485 2346 2513 sen·

269 2538 422 2579 tentiae
451 2538 710 2577 coniunctum
739 2541 801 2576 est
829 2538 936 2587 quod
971 2538 1071 2577 dicit
1099 2537 1141 2577 C.
1171 2537 1215 2577 Ο.
1247 2537 1420 2578 Mueller
1449 2537 1553 2577 Etr.¹
1587 2537 1651 2577 III
1680 2551 1717 2588 p.
1748 2537 1798 2577 58
1826 2541 2035 2577 etruscum
2064 2537 2215 2578 Ianum
2244 2549 2347 2588 qua·

267 2600 508 2644 drifrontem
537 2599 603 2642 uel
630 2598 795 2641 Caelum
823 2604 866 2641 et
893 2614 1103 2642 romanum
1119 2607 1328 2655 portarum
1350 2601 1469 2643 deum
1484 2601 1592 2662 inter
1607 2614 1649 2642 se
1664 2601 1853 2642 confusos
1868 2613 1955 2642 esse
1970 2601 2012 2641 in
2028 2601 2150 2641 unius
2165 2601 2347 2641 numinis

295 2668 525 2706 otestatem.

268 2679 294 2717 p
373 2727 518 2776 Chaos,
560 2732 606 2767 ut
634 2728 811 2768 omnium
841 2728 1030 2779 primum,
1058 2729 1166 2780 quod
1193 2729 1295 2769 dicit
1325 2728 1522 2769 Hesiodus
1550 2729 1699 2781 Theog.
1735 2729 1819 2777 116,
1848 2728 1995 2769 Ianum
2025 2741 2124 2776 esse,
2154 2728 2345 2780 principi·

270 2805 388 2836 orum
417 2793 620 2844 potestate
649 2791 700 2832 ad
729 2791 936 2845 physicam
964 2791 1163 2833 rationem
1193 2792 1395 2843 traducta,
1426 2797 1629 2845 putarunt
1651 2792 1852 2833 Verrius
1873 2791 2075 2833 Flaccus
2096 2806 2159 2845 ap.
2175 2791 2347 2832 Paulum

266 2857 377 2897 Festi
420 2869 458 2907 p.
502 2857 551 2895 52
580 2859 622 2895 et
649 2854 853 2895 Ouidius
882 2856 991 2896 Fast.
1021 2856 1043 2894 I
1076 2855 1159 2896 103.
1214 2855 1349 2895 Etiam
1381 2856 1581 2896 fuerunt
1610 2861 1715 2897 teste
1745 2856 1888 2896 Seruio
1917 2857 1971 2896 ad
2001 2857 2098 2896 Aen.
2134 2856 2224 2895 VII.
2253 2858 2343 2905 610,

267 2921 337 2973 qui
366 2920 514 2961 Ianum
544 2920 596 2960 ab
625 2919 757 2960 eundo
786 2919 939 2960 dictum
970 2933 1060 2960 cum
1091 2919 1225 2959 Marte
1252 2918 1437 2960 Gradiuo
1466 2920 1781 2968 confunderent;
1810 2919 1851 2959 hi
1881 2920 2042 2961 ratione
2071 2933 2167 2961 sane
2189 2934 2264 2960 non
2285 2921 2346 2961 ita

266 2983 449 3026 absurda
490 2984 552 3023 usi
580 2987 688 3032 sunt,
717 2984 822 3035 quia
841 2997 970 3035 aeque
1001 2984 1150 3024 licebat
1183 2983 1419 3023 existimare
1448 2982 1609 3030 Ianum,
1638 2985 1671 3024 si
1700 2988 1793 3025 erat
1821 2983 1903 3029 Sol,
1934 2998 1982 3024 ac
2016 2984 2237 3024 Melkarth-
2242 2984 2344 3024 Her-

265 3048 398 3091 culem
432 3046 571 3091 Marti,
601 3048 710 3087 ueris
738 3047 825 3097 deo,
853 3048 1110 3090 coniunctum
1140 3050 1344 3099 potestate
1373 3050 1498 3098 atque
1527 3052 1758 3100 cognatum.
