2648 3533
1309 292 1388 336 ,18

263 420 268 423 ’
319 404 446 451 atque
486 398 688 447 custodes,
729 398 980 441 carminibus
1007 412 1147 441 eorum
1176 399 1441 440 canebantur.
1498 399 1585 441 Hoc
1611 362 1765 442 diserte
1793 398 1985 444 affirmat
1998 399 2048 448 L.
2063 393 2255 453 Cincius
2268 413 2408 461 nram

318 466 506 514 maticus,
549 464 600 505 de
628 477 709 517 quo
738 478 777 504 u.
806 463 980 505 Teuffel·
986 461 1180 504 Schwabe
1216 463 1263 503 H.
1293 463 1393 504 Litt.
1421 463 1489 504 R*
1526 465 1610 504 117.
1639 466 1676 516 4,
1705 477 1772 517 ap.
1803 463 1984 506 Macrob.
2011 464 2050 507 S.
2074 464 2124 507 1
2139 459 2298 515 1212.
2324 457 2408 516 Is,

318 544 390 571 cur
432 543 576 570 nomen
620 529 791 569 Veneris
833 529 1039 580 posterius
1080 532 1199 576 esset,
1242 529 1318 569 hoc
1345 532 1634 580 argumentum
1668 528 1783 574 dicit,
1814 543 1864 571 ne
1891 529 1934 571 in
1961 529 2214 573 carminibus
2241 506 2407 587 quidem

319 593 522 634 Saliorum
554 592 723 633 Veneris
751 592 892 639 ullam
921 595 975 633 ut
1003 595 1278 632 ceterorum
1308 591 1612 640 caelestium,
1627 591 1788 632 laudem
1809 592 2021 634 celebrari.
2050 591 2189 633 Cincio
2206 584 2406 647 (Ὂίιιςὶι)π

318 658 383 710 11.)
412 645 483 699 de
519 657 677 697 Venere
719 658 844 697 etiam
883 656 1013 697 Varro
1041 657 1268 696 consentire
1297 656 1448 697 dicitur
1477 670 1501 696 a
1530 655 1721 696 Suetonio
1751 656 1950 697 Macrobii
1979 661 2158 697 auctore.
2215 657 2405 701 Fortasse

318 722 490 762 Veneris
533 734 681 761 numen
725 721 800 761 sub
843 720 925 761 alio
967 721 1125 760 nomine
1169 720 1209 759 in
1252 720 1503 760 carminibus
1531 719 1733 760 Saliorum
1763 720 1900 761 latuit.
1931 720 2154 780 Praeterea
2181 734 2277 761 non
2289 720 2408 763 modo

316 784 513 827 caelestes
555 783 652 825 deos
693 785 735 825 in
767 783 983 833 ‚Saliorum
1018 783 1269 824 carminibus
1304 797 1390 824 esse
1432 784 1661 833 nominatos
1703 784 1976 826 coniecturam
2006 784 2113 826 facio
2141 778 2192 825 ex
2220 797 2267 825 eo
2295 785 2404 836 quod

315 863 407 891 cum
437 850 575 900 magni
604 849 665 889 illi
695 862 742 888 ac
771 849 966 889 caelestes
995 848 1036 888 di
1066 849 1334 888 terrestribus
1363 848 1599 889 numinibus
1627 849 1739 889 uitae
1767 849 1973 891 humanae
2000 850 2195 900 agrisque
2224 847 2405 890 colendis

315 917 515 955 interesse
557 913 839 965 crederentur,
869 916 1085 953 terrestres
1114 927 1139 953 a
1168 913 1412 954 caelestibus
1441 928 1519 954 non
1548 913 1601 954 ab
1629 914 1737 955 omni
1768 917 1887 965 parte
1916 913 2230 967 separabantur.
2284 913 2404 956 Certe

316 982 482 1032 praeter
510 965 706 1018 caelestes
735 977 806 1017 alii
835 976 1238 1029 comprehenduntur
1266 990 1313 1018 eo
1341 977 1450 1035 quod
1480 981 1648 1019 auctore
1677 977 1869 1019 Suetonio
1897 991 1996 1019 usus
2023 978 2092 1031 (ut
2114 978 2210 1018 diss.
2236 978 2280 1018 Ο.
2302 978 2404 1019 Iahn

315 1043 370 1082 M.
414 1043 490 1082 Rh.
535 1040 669 1081 VIIII.
714 1042 791 1080 629
829 1041 920 1080 Keil
964 1041 1084 1092 praef
1123 1041 1231 1089 LIV)
1275 1040 1377 1079 dicit
1412 1040 1627 1081 Diomedes
1654 1042 1825 1086 476,15
1854 1040 2051 1081 ”Numam
2081 1041 2324 1093 Pompilium
2352 1065 2404 1071 -—

314 1120 404 1147 cum
449 1104 580 1146 Salios
621 1104 801 1145 iuniores
844 1105 985 1156 aequis
1028 1104 1234 1155 gressibus
1277 1104 1525 1144 circulantes
1558 1105 1769 1145 induceret
1803 1109 1844 1145 et
1872 1105 2050 1156 spondeo
2078 1105 2184 1146 melo
2212 1106 2404 1157 patr-ios

314 1170 501 1222 placaret
528 1169 812 1221 Indigetes”.

1176 1430 1252 1471 Ad
1287 1431 1463 1482 fragm.
1499 1431 1533 1472 Ι.

422 1555 467 1595 V.
503 1556 532 1593 l.
563 1554 679 1596 Zaul
709 1555 864 1607 scripsi,
894 1556 1044 1596 reiecto
1074 1569 1119 1595 eo
1149 1555 1256 1605 quod
1286 1555 1486 1595 traditum
1517 1560 1578 1595 est
1607 1554 1725 1602 zeul.
1755 1553 1863 1607 quod
1893 1554 2118 1606 posteriore
2139 1566 2235 1594 uoce
2255 1553 2401 1593 fuisset

312 1619 440 1658 *soul
485 1618 596 1657 *suL
656 1618 714 1658 De
755 1632 805 1658 eu
846 1626 899 1662 >
927 1632 978 1658 ou
1007 1627 1058 1662 >
1100 1627 1125 1658 u
1166 1618 1238 1657 Th.
1283 1619 1372 1657 Birt
1407 1619 1508 1658 Mus.
1552 1619 1627 1659 Rh.
1664 1617 1854 1658 XXXIV.
1891 1621 1920 1657 1.
1952 1630 2039 1669 sqq.
2096 1617 2396 1657 Kruczkiewicz

313 1684 414 1723 Ann.
457 1682 504 1723 G.
550 1682 688 1722 Austr.
719 1681 845 1722 XXX.
878 1685 914 1723 1.
944 1696 1030 1735 sqq.
1061 1681 1108 1723 G.
1138 1681 1278 1735 Meyer
1306 1683 1346 1722 in
1377 1682 1479 1723 Ann.
1511 1683 1602 1723 iisd.
1632 1682 1773 1723 XXXI
1810 1683 1893 1723 118.
1950 1681 2103 1722 Iordan
2133 1681 2241 1721 Krit.
2271 1680 2397 1722 Beitr.

311 1761 348 1799 p.
392 1747 453 1786 31.
497 1770 548 1775 -
590 1746 707 1787 Zeul
750 1747 839 1787 iure
882 1748 1134 1799 improbauit
1177 1745 1567 1787 Schweizer-Sidler
1609 1746 1699 1787 Nou
1755 1749 1856 1786 Ann.
1900 1745 2079 1786 CXXIII
2108 1747 2171 1785 43.
2228 1745 2397 1785 Nullum

310 1814 467 1850 certum
496 1810 728 1861 exemplum
757 1812 896 1851 inueni
925 1811 1045 1851 latini
1074 1812 1265 1853 uocabuli
1295 1814 1410 1852 cuius
1439 1820 1461 1851 ὁ
1491 1826 1563 1863 per
1591 1826 1643 1852 ou
1671 1826 1720 1852 ex
1750 1825 1800 1852 eu
1821 1811 1975 1851 factum
1995 1811 2067 1860 sit3
2101 1823 2194 1850 nam
2224 1808 2398 1862 ¹'oupilio

310 1873 433 1926 Opilio
481 1874 647 1926 (upilio)
694 1888 772 1915 non
821 1874 1024 1916 habuerat
1066 1876 1197 1928 primo
1239 1890 1308 1925 eu3
1352 1876 1401 1916 de
1444 1889 1536 1917 osco
1578 1889 1760 1916 sermone
1801 1879 1966 1926 sumpta
2008 1873 2226 1926 (Nounies)
2243 1871 2399 1913 Nonius

311 1938 490 1989 (Nuvla)
505 1938 621 1979 Nola.
671 1939 887 1980 Diuersum
923 1940 1030 1989 quod
1059 1954 1113 1980 au
1142 1954 1213 1992 per
1241 1954 1293 1981 ou
1324 1941 1383 1992 (o)
1411 1941 1464 1980 ad
1494 1949 1519 1980 u
1548 1940 1765 1980 deductum
1796 1943 1876 1979 est:
1907 1952 2066 1990 naugae
2095 1950 2224 1989 nogae
2253 1949 2400 1987 nugae,

310 2000 483 2041 claudus
512 2000 709 2041 Claudius
738 2002 930 2043 claudere
960 2002 1099 2043 clodus
1127 2003 1293 2043 Clodius
1323 2003 1483 2043 clodere
1503 2003 1646 2043 cludus
1667 2002 1836 2043 Cludius
1856 2002 2033 2047 cludere,
2053 2002 2207 2042 raudus
2227 2001 2399 2041 raudus-

310 2065 446 2105 culum
476 2065 601 2105 rodus
631 2065 760 2105 rudus
790 2065 896 2106 Fest.
928 2067 1004 2105 265
1026 2066 1185 2107 Ritschl
1206 2081 1270 2119 op.
1292 2066 1345 2106 ΙΙ.
1366 2069 1456 2107 425.
1505 2067 1660 2108 Horum
1682 2074 1705 2107 ὁ
1725 2067 1777 2107 ab
1797 2074 1848 2107 ῡιι
1868 2069 1947 2107 est:
1969 2066 2091 2107 *bous
2113 2066 2196 2107 bos.
2216 2066 2399 2105 *m6utus

309 2131 492 2168 'moutus
508 2134 652 2179 motus,
670 2129 841 2170 *u6utus
858 2129 1029 2170 *uentus
1052 2136 1182 2171 uotus.
1205 2131 1319 2170 Zaul
1344 2144 1440 2171 uero
1458 2145 1535 2172 non
1554 2136 1636 2171 tam
1653 2144 1750 2171 uoce
1766 2144 1889 2182 quam
1906 2130 2056 2170 litteris
2072 2128 2270 2170 dissimile
2285 2133 2398 2170 recto

308 2193 388 2233 sol.
421 2192 535 2233 Saul
565 2194 671 2233 enim
702 2193 785 2242 (uel
816 2193 934 2244 soul)
965 2194 1120 2234 dictum
1150 2209 1237 2235 esse
1267 2209 1357 2234 cum
1378 2195 1630 2235 scriberetur
1651 2208 1723 2246 per
1743 2208 1796 2234 au
1816 2198 1857 2234 et
1877 2194 2065 2245 cognatio
2084 2194 2225 2245 stirpis
2244 2196 2286 2233 et
2304 2206 2396 2245 pro-

306 2257 461 2307 prietas
505 2256 706 2306 quaedam
751 2257 950 2297 sermonis
985 2257 1181 2298 declarat.
1238 2258 1455 2309 Europaea
1489 2259 1594 2298 enim
1624 2259 1745 2299 huius
1776 2257 1963 2299 uocabuli
1991 2258 2124 2299 forma
2151 2258 2232 2298 fuit
2260 2257 2395 2298 sAuel

307 2319 439 2369 sau13
469 2319 577 2372 quod
607 2320 740 2360 minus
769 2334 819 2361 ex
849 2334 997 2373 graeco
1026 2321 1247 2373 iudicatur,
1278 2321 1470 2372 quoniam
1501 2316 1672 2371 ἆβέλιος
1700 2317 1841 2368 ἀέλιος
1865 2317 2219 2368 ’Λέλιος“’Λλιος
2237 2315 2397 2367 ”Amos

306 2379 446 2436 ἠέλιος
474 2381 591 2437 ἥλιος
620 2399 748 2437 aeque
778 2389 915 2438 potest
943 2399 1029 2427 esse
1059 2387 1214 2426 factum
1243 2400 1293 2427 ex
1323 2382 1541 2431 *αὐσέλιος
1568 2385 1769 2439 (Curtius)
1799 2389 1925 2438 atque
1955 2399 2005 2426 ex
2029 2384 2250 2433 *σαῖέλιος
2267 2382 2396 2436 (Pott,

305 2448 493 2500 Benfey);
523 2450 654 2501 magis
683 2462 733 2488 ex
761 2449 855 2490 aliis
884 2449 1051 2502 linguis:
1080 2452 1194 2503 goth.
1225 2451 1329 2491 sauil
1359 2450 1494 2491 scand.
1526 2451 1585 2491 sol
1615 2451 1675 2492 lit.
1705 2450 1838 2500 saul&
1869 2463 1963 2490 nam
1992 2464 2042 2490 ex
2071 2449 2227 2491 celticis
2255 2448 2396 2489 formis

306 2513 450 2552 dubito
493 2526 545 2552 an
587 2527 669 2553 non
711 2513 835 2554 liceat
877 2518 1031 2555 certam
1073 2517 1114 2556 in
1144 2517 1248 2556 hanc
1277 2519 1436 2567 partem
1466 2515 1600 2556 facere
1628 2515 1903 2556 coniecturam
1932 2515 1990 2566 (ιι.
2019 2528 2110 2555 cum
2139 2513 2256 2555 alior.
2286 2512 2396 2554 locos

306 2583 394 2617 tum
437 2575 553 2617 Curt.
595 2579 668 2618 et.‘
700 2579 808 2628 551).
865 2578 951 2619 Iam
996 2593 1093 2621 uero
1136 2584 1295 2621 constat
1336 2579 1508 2620 latinam
1551 2579 1676 2621 fuisse
1718 2579 1964 2620 uarietatem
1993 2577 2201 2630 quandam
2230 2577 2394 2618 easdem

305 2655 425 2681 uoces
455 2642 659 2681 scribendi
690 2643 808 2683 modo
837 2657 910 2695 per
938 2657 974 2691 0,
1004 2645 1122 2685 modo
1150 2658 1224 2696 per
1253 2657 1318 2683 au.
1375 2643 1558 2696 Historia
1587 2644 1705 2685 docet
1733 2644 1833 2683 haec
1862 2656 1948 2683 esse
1977 2643 2135 2694 origine
2169 2642 2392 2694 tripertita.

306 2704 487 2744 Primum
519 2719 645 2756 genus
673 2720 812 2746 eorum
842 2720 1016 2757 quorum
1046 2707 1181 2748 dictae
1212 2711 1307 2747 sunt
1336 2706 1582 2758 principales
1610 2720 1730 2747 uoces
1758 2710 1854 2747 ante
1877 2706 2032 2759 latinae
2056 2706 2193 2759 lingae
2212 2708 2393 2747 aetatem

304 2781 377 2820 per
419 2780 472 2808 au
516 2772 556 2807 et
586 2781 652 2808 ou:
684 2769 810 2819 auris,
840 2783 902 2822 gr.
931 2765 1017 2822 οὖς,
1046 2769 1232 2810 auricula
1261 2769 1435 2817 oricula3
1464 2770 1588 2818 *auia
1616 2770 1756 2819 anilla,
1786 2782 1846 2820 gr.
1876 2765 2075 2816 αἶ-πόλος
2107 2771 2391 2822 (nnvaurpan-

302 2835 383 2877 κῶς
426 2833 551 2871 etiam
594 2830 772 2880 αἰπόλος
813 2830 942 2884 αἰγῶν
980 2850 1003 2885 ρ
1031 2835 1106 2873 247
1137 2838 1178 2874 et
1206 2833 1276 2873 all.
1306 2833 1379 2879 ll.):
1410 2834 1498 2872 ouis
1528 2846 1590 2884 gr.
1618 2829 1702 2880 ο’ΐς;
1729 2834 1819 2873 auis
1846 2833 2052 2885 auspicari
2080 2834 2301 2885 ospicatur‚
2330 2846 2392 2884 gr.

303 2892 511 2941 *αῘι-ετός
553 2892 692 2943 αἱετίς
733 2901 774 2937 et
816 2891 1017 2944 *tifcwvog
1052 2894 1206 2944 οἰωνός.
1264 2896 1342 2938 Sed
1372 2897 1471 2948 quia
1501 2896 1551 2937 de
1585 2896 1660 2937 hoc
1692 2911 1842 2950 genere
1874 2896 2118 2950 singillatim
2155 2897 2392 2949 perquirere

302 2962 366 2999 est
394 2959 448 3000 ab
478 2960 637 3001 ratione
667 2961 786 3002 huius
815 2961 1095 3002 annotationis
1123 2963 1166 3002 et
1195 2961 1316 3001 huius
1346 2960 1475 3001 libelli
1504 2960 1697 3006 alienum,
1740 2961 1912 3003 lectores
1940 2961 2084 3014 delego
2112 2961 2164 3002 ad
2194 2960 2392 3001 Saussure

302 3023 522 3076 Systemat.
568 3038 605 3076 p.
653 3024 727 3064 100
769 3039 856 3078 sqq.
887 3025 1179 3067 Hiibschmann
1210 3026 1426 3080 Systemat.
1456 3041 1495 3078 p.
1529 3026 1602 3067 104
1631 3040 1690 3078 sq.
1746 3026 1910 3069 Osthoff
1933 3041 1998 3079 ap.
2027 3027 2202 3068 eundem
2231 3040 2269 3078 p.
2304 3026 2389 3066 190.

301 3087 542 3140 Brugmann
587 3089 658 3130 Gr.
702 3089 838 3142 Comp.
884 3089 915 3130 Ι.
960 3104 998 3142 p.
1041 3092 1103 3130 74.
1162 3090 1208 3131 In
1238 3092 1312 3132 hoc
1342 3104 1507 3143 genere:
1556 3090 1661 3131 saul
1705 3091 1785 3132 sol.
1843 3090 2031 3131 Alterum
2061 3104 2189 3143 genus
2218 3103 2389 3140 quorum

301 3152 547 3204 principales
577 3166 697 3194 uoces
725 3167 798 3206 per
825 3168 849 3195 o
877 3153 1014 3194 dictae
1042 3159 1154 3195 sunt:
1184 3162 1239 3203 os,
1269 3169 1345 3196 scr.
1370 3163 1416 3196 as
1435 3154 1547 3196 Curt.
1567 3156 1640 3196 et.⁸
1663 3154 1739 3195 375
1760 3168 1861 3208 sqq.:
1883 3154 1992 3205 ⁸aus,
2011 3154 2193 3196 osculum
2213 3154 2389 3196 osculari
