2648 3533
521 676 527 686 ἶ
564 684 571 691 ,
605 629 852 691 'puerorum
858 619 1074 691 ’Βοήδιώ
1096 625 1241 676 eiu-am
1267 636 1360 675 erat
1374 633 1618 688 deaillaap
1635 635 1740 688 Aug.
1767 633 2115 685 1.0.V01·umns,
2143 643 2276 690 quan
2287 626 2425 681 ‘eum

543 692 740 750 coniuge
757 694 924 742 finxisse
952 696 1149 742 uidentur
1187 691 1360 739 Romani
1405 700 1568 741 teneros
1603 699 1759 740 animos
1799 697 2046 746 firmantem,
2073 701 2122 740 ut
2148 692 2380 743 Iunonem

136 726 165 773 ’ἶ
263 741 665 813 *Ouili-aginam,
691 782 728 790 -
755 772 827 802 em
855 759 1007 803 Arnob.
1035 759 1112 803 111.
1143 760 1206 812 303
1233 761 1303 803 IV.
1333 764 1356 804 7
1385 762 1687 811 Reifferscheid,
1716 775 1822 816 quae
1850 761 2023 804 duraret
2041 762 2378 807 acsohdaretoe·

167 882 188 891 ss
237 818 273 852 5‘·
300 814 414 910 sibus
436 820 670 865 infantium
689 836 864 886 corpora
890 824 963 878 (ef.
993 824 1152 868 Preller
1179 825 1207 867 l.
1235 839 1268 867 ο.
1298 825 1375 867 275
1402 829 1445 867 et
1477 828 1599 878 ann..)

1307 990 1365 1031 v.

972 1056 1246 1122 Inoertae
1279 1071 1441 1122 sedis
1473 1085 1698 1122 versus,

653 1210 936 1263 Pen(n)dbas
969 1210 1315 1264 impemnktas
1564 1211 1721 1264 agnas
1756 1236 1814 1241 —
1838 1224 1872 1250 ῦ
1902 1236 1959 1242 -
1979 1224 2015 1251 ῦ

405 1286 589 1328 Paulus
617 1287 749 1329 Festi
777 1301 815 1340 p.
848 1289 939 1328 211.
1006 1287 1245 1329 Pennatas
1272 1289 1672 1341 impennatasque
1701 1301 1851 1340 agnas
1880 1289 1922 1329 in
1938 1287 2089 1329 Saliari
2104 1291 2281 1331 carmine
2297 1290 2374 1341 spi·

301 1364 370 1393 cas
398 1352 602 1404 significat
629 1366 721 1393 cum
750 1353 891 1393 aristis
918 1356 961 1393 et
987 1352 1092 1394 alias
1119 1353 1205 1394 sine
1233 1353 1384 1394 aristis:
1413 1365 1544 1404 agnas
1572 1365 1701 1393 nouas
1728 1352 1860 1393 uoluit
1886 1352 2076 1404 intelligi.

405 1499 456 1601 ’Δρ
468 1512 709 1594 υέξᾟδιοι.
726 1554 845 1594 metri
861 1566 985 1595 causa
1000 1553 1164 1595 sustuli.
1197 1552 1312 1594 Nihil
1326 1554 1478 1595 attinet
1491 1553 1756 1607 principalem
1775 1554 2021 1606 scripturam
2036 1553 2256 1595 reuocandi
2272 1555 2377 1607 peri·

298 1616 434 1658 culum
481 1617 616 1657 facere
644 1618 818 1670 exempli
864 1619 1002 1670 gratia
1032 1619 1099 1659 sic:
1130 1619 1325 1670 pinatas
1353 1618 1622 1669 empinatas
1649 1629 1806 1656 aenas.
1861 1616 1985 1657 Cuius
2013 1617 2053 1657 in
2088 1618 2280 1658 honorem
2310 1618 2376 1658 hic

299 1692 442 1721 uersus
482 1680 537 1720 sit
578 1678 712 1719 dictus
755 1693 834 1721 non
877 1681 1024 1733 liquet3
1066 1682 1100 1721 si
1134 1682 1184 1721 de
1213 1694 1257 1721 re
1286 1685 1369 1720 tam
1400 1681 1557 1720 lubrica
1585 1681 1781 1720 incertam
1812 1680 1908 1720 licet
1935 1693 2159 1731 proponere
2174 1681 2376 1722 coniectu·

298 1755 400 1792 ram,
429 1746 563 1796 potest-
591 1747 775 1796 spectare
804 1744 857 1784 ad
884 1744 1004 1784 deum
1033 1744 1289 1796 Robigum,
1320 1744 1370 1784 de
1398 1757 1479 1795 quo
1509 1743 1639 1783 Varro
1667 1742 1713 1782 R.
1744 1743 1791 1782 R.
1820 1742 1853 1782 I.
1886 1744 1918 1781 l.
1948 1745 1983 1782 6.
2000 1748 2150 1795 quarto
2171 1744 2372 1796 Robigum

297 1821 344 1850 ac
371 1807 547 1856 Floram,
576 1807 724 1860 quibus
751 1809 940 1860 propitiis
971 1821 1101 1861 neque
1130 1809 1274 1860 robigo
1302 1808 1508 1848 frumenta
1535 1812 1660 1859 atque
1687 1806 1855 1847 arbores
1884 1807 2121 1859 corrumpit,
2150 1821 2280 1861 neque
2296 1822 2375 1850 non

297 1872 537 1924 tempestiue
574 1870 759 1913 florent.
788 1872 936 1925 Itaque
964 1873 1127 1925 publice
1155 1872 1309 1925 Robigo
1338 1872 1464 1912 feriae
1493 1870 1725 1921 Robigalia,
1754 1870 1897 1910 Florae
1927 1870 2013 1910 ludi
2043 1870 2224 1913 Floralia
2254 1872 2372 1913 insti-

296 1937 388 1978 tuti.
443 1936 546 1977 Pliu.
576 1936 624 1976 Η.
654 1935 703 1976 N.
731 1936 874 1976 XVIII
903 1936 981 1976 284
1011 1937 1057 1976 D.
1101 1937 1254 1977 Paulus
1282 1936 1393 1976 Festi
1421 1949 1459 1986 p
1490 1935 1565 1974 267
1599 1933 1652 1972 M.
1682 1933 1811 1973 Varro
1846 1933 1890 1972 L.
1920 1933 1966 1973 L.
1998 1934 2106 1987 VI§
2140 1936 2371 1978 leae-011.

298 1999 343 2041 V.
378 2001 435 2047 12,
456 1998 516 2040 14.
571 1999 745 2041 Ouidius
770 2004 907 2041 autem
935 2000 1052 2041 deam
1081 2000 1185 2042 facit
1213 2000 1454 2051 Robiginem
1469 1998 1579 2039 Fast.
1596 1997 1651 2038 IV
1675 1996 1749 2037 907
1773 1996 1939 2048 sqq-ule
1955 2010 2036 2049 qua
2057 2012 2100 2039 re
2115 2000 2204 2052 agit
2222 1998 2373 2042 Iordan

295 2078 389 2106 ann.
419 2064 470 2105 ad
500 2063 672 2106 Prelleri
704 2063 849 2117 Myth.³
879 2064 923 2105 II
951 2067 1014 2106 44.
1071 2066 1224 2118 Agnas
1254 2069 1472 2117 cognatum
1500 2066 1562 2104 est
1590 2062 1651 2102 isl.
1672 2065 1764 2113 ogn.
1780 2074 1885 2102 suec.
1902 2075 1996 2113 agn3
2011 2063 2123 2113 goth.
2140 2063 2276 2105 ahana
2290 2065 2372 2117 pal.

296 2141 422 2180 germ.
451 2140 586 2178 agana
614 2128 769 2179 primus
797 2128 971 2169 contulit
999 2129 1200 2169 Aufrecht
1228 2127 1333 2168 Ann.
1363 2127 1468 2168 Phil.
1498 2140 1625 2178 comp.
1656 2126 1674 2166 I
1704 2126 1780 2165 353
1810 2140 1882 2178 sq.;
1911 2128 2246 2178 cognataffatina
2275 2143 2372 2169 acus

296 2191 396 2233 -Eris
425 2195 468 2232 et
495 2205 591 2232 acus
619 2199 682 2232 -us
710 2205 773 2243 ap.
803 2190 957 2232 Colum.
987 2191 1072 2269 II.)
1075 2193 1134 2232 10.
1164 2193 1200 2231 4.
1230 2192 1397 2242 Brugm.
1427 2190 1564 2242 Comp.
1596 2191 1615 2230 1
1643 2192 1666 2243 ς
1696 2192 1786 2240 500;
1814 2190 1936 2230 aliter
1965 2191 2098 2243 Kluge
2128 2193 2232 2233 Anu.
2267 2192 2371 2233 Phil.

295 2269 423 2308 comp.
452 2255 591 2297 XXVI
621 2256 708 2301 312,
739 2256 809 2308 qui
838 2269 1028 2308 graecum
1048 2250 1156 2310 ’ἷίχνη
1185 2269 1275 2296 cum
1306 2255 1380 2297 hoc
1404 2259 1625 2307 comparat.
1684 2254 1970 2305 Pen(n)atas
2000 2256 2133 2308 prisco
2163 2269 2271 2298 more
2297 2269 2370 2308 pro

295 2321 574 2371 piu(n)atas
615 2333 640 2359 a
681 2321 826 2370 pinna
854 2322 915 2369 (ut
944 2321 1063 2367 muri,
1091 2325 1226 2366 rotae3
1256 2319 1307 2359 cf.
1337 2332 1445 2359 suec.
1475 2319 1579 2367 fena,
1608 2333 1693 2370 ags.
1725 2320 1843 2369 finn);
1873 2333 2056 2370 pennae
2085 2321 2235 2369 auium,
2264 2334 2368 2372 quae

296 2397 387 2424 cum
427 2383 589 2435 pinnis
630 2383 693 2424 bis
735 2396 1037 2435 nonnumquam
1067 2387 1163 2423 sunt
1191 2382 1392 2431 confusae,
1422 2382 1655 2434 antiquitus
1684 2387 1724 2423 et
1753 2383 1916 2434 quidem
1947 2384 1986 2423 in
2017 2383 2163 2423 Saliari
2192 2385 2370 2425 carmine

295 2447 429 2489 dictae
457 2450 554 2488 sunt
581 2460 770 2499 pemae,
797 2446 948 2499 (primo
977 2445 1210 2499 *pet-snae):
1240 2446 1384 2488 Festus
1414 2446 1505 2486 205.

401 2704 632 2758 Singulae
675 2705 864 2755 glossae
906 2703 1139 2743 carminis
1181 2702 1381 2743 Saliaris
1422 2717 1485 2755 ap.
1518 2703 1679 2743 Festum
1710 2708 1751 2743 et
1780 2704 2003 2744 Varronem
2032 2709 2073 2744 et
2103 2704 2371 2756 Macrobium,

296 2783 400 2821 quae
428 2769 658 2820 conquisita
685 2767 901 2808 ediderunt
929 2769 975 2806 A.
1005 2766 1213 2818 Lysander
1242 2766 1349 2805 Hist.
1379 2767 1460 2805 litt.
1495 2767 1565 2805 102
1595 2780 1681 2817 sqq.
1710 2772 1751 2806 et
1769 2768 1880 2806 Aem.
1897 2767 2105 2808 Baehrens
2121 2768 2241 2820 Frag.
2258 2768 2370 2809 Poet.

298 2833 387 2873 Lat.
421 2845 459 2885 p.
489 2834 540 2875 30
568 2844 655 2884 sqq.
685 2834 726 2871 et
753 2831 889 2871 Havet
918 2830 968 2871 de
995 2830 1189 2870 Saturnio
1219 2843 1256 2881 p.
1286 2830 1362 2869 243
1392 2842 1492 2881 sqq„
1522 2843 1612 2869 cum
1644 2844 1720 2870 non
1749 2830 1866 2870 modo
1894 2844 1974 2870 non
2005 2844 2205 2878 numeros.
2234 2833 2303 2873 sed
2321 2847 2370 2873 ne

295 2901 434 2948 partes
461 2895 625 2948 quidem
654 2908 910 2936 numerorum
939 2894 1148 2946 impleant,
1177 2893 1253 2934 hoc
1281 2893 1367 2933 loco
1396 2906 1464 2933 eas
1493 2897 1721 2944 praetereo,
1750 2895 1882 2935 indice
1916 2896 2175 2937 enumerabo.

401 3186 475 3228 His
503 3185 702 3228 subiciam
731 3186 913 3226 uirorum
941 3184 1163 3232 doctorum,
1198 3188 1399 3236 quotquot
1426 3184 1526 3248 mihi
1554 3185 1719 3235 cognita
1749 3188 1855 3231 sunt,
1885 3185 2067 3237 pericula
2094 3185 2251 3227 Saliare
2281 3199 2369 3226 car-

294 3264 386 3292 men
415 3251 675 3292 emendandi.
731 3252 883 3303 Agmen
911 3250 1050 3298 ducat,
1078 3256 1124 3290 ut
1152 3262 1227 3300 par
1254 3254 1328 3300 est,
1357 3249 1594 3301 Iosephus
1623 3249 1854 3300 Scaliger.
1884 3249 1928 3289 Is
1949 3250 2125 3301 append.
2141 3250 2182 3289 in
2199 3250 2367 3290 coniect.

295 3314 538 3356 Varronian.
576 3328 614 3367 p.
648 3315 721 3356 186
750 3315 798 3354 fr.
827 3315 950 3366 primi
976 3313 1056 3354 duo
1084 3326 1226 3354 uersus
1254 3312 1470 3354 Saturnios
1497 3315 1633 3366 posuit
1661 3314 1748 3355 hos:
1779 3338 1830 3343 —
1860 3314 1993 3355 omnia
2023 3313 2041 3368 fl
2072 3313 2278 3366 Dapatilia
2305 3327 2368 3354 co·

633 557 973 621 athenarum
977 552 1178 619 iunones-
1235 546 1353 616 Inter
1378 562 1474 611 inis
1491 570 1639 611 autem
1666 568 1843 613 Iunones
1869 581 1977 623 quae
2003 550 2103 612 ιιοιι·
2106 570 2215 623 tui
2227 525 2403 623 maho-
2448 534 2482 539 ’Β
2515 565 2520 573 ’
2558 585 2574 596 ⁴
