2648 3533
1310 242 1374 294 '18
1416 211 1443 223 ..

218 369 229 373 -
278 358 342 400 ,la
369 314 625 430 dipthongue
653 359 885 412 graphique
916 357 987 400 AV
1016 372 1043 400 a
1062 358 1227 430 'parfois
1254 357 1321 400 ete
1349 358 1556 413 employee
1582 371 1610 402 a
1630 343 1773 412 noteg-
1782 350 1832 403 1'0'
1835 354 2129 421 mlv,

299 421 415 462 cadit
455 416 497 461 in
539 425 785 473 postremam
822 426 999 485 aetatem
1030 421 1152 463 uiuae
1180 421 1291 463 uocis
1318 419 1488 471 latinae,
1516 435 1590 463 nec
1616 424 1659 465 in
1686 418 1881 477 priscam
1889 418 2043 474 necrffn
2051 422 2264 482 ndffl
2209 420 2229 434 ’”“

301 486 332 525 F
335 487 541 526 initimum
584 485 678 525 huic
720 486 858 538 generi
901 488 964 527 est
1005 488 1069 526 est
1110 485 1214 526 illud
1243 498 1373 538 genus
1401 485 1508 537 quod
1538 499 1564 526 a
1590 489 1634 527 et
1661 500 1689 527 ιι
1716 485 1879 528 litteras
1905 486 2264 541 calumpniator
2275 489 2398 546 uoce
2417 491 2435 516 ’--’
2466 467 2498 523 ..⁹³

300 549 450 589 reddit.
494 549 580 589 Hoc
609 549 718 588 idem
749 549 902 588 factum
932 561 1018 590 esse
1047 549 1179 600 prisco
1208 552 1250 589 et
1277 549 1433 589 rustico
1460 562 1572 590 more
1591 554 1639 590 ut
1658 563 1724 590 au
1722 549 1927 598 dicerent,
1947 561 2027 591 non
2047 562 2072 590 ο
2090 563 2142 593 ex
2160 563 2208 592 eo
2219 532 2447 606 inffle³³e5³j
2475 549 2492 600 J

299 613 414 663 gitur
457 613 566 663 quod
608 625 914 664 nonnumquam
956 626 981 652 a
1022 613 1070 652 in
1106 613 1237 652 locum
1280 626 1340 653 au
1381 613 1631 665 diphthongi
1672 614 1816 654 datum
1851 617 1938 655 .:est
1967 607 2181 667 Augustas
2208 610 2391 669 Agma
2412 622 2419 630 ²
2437 620 2478 669 .*
2562 655 2570 667 .

300 677 546 730 similiaque,
576 691 614 718 ιι.
644 677 836 718 Corssen²
866 677 899 718 I.
929 677 1007 717 663
1035 690 1094 729 sq.
1124 676 1304 718 Schmitz
1332 677 1420 717 Btr.
1450 692 1483 717 z.
1512 677 1587 718 lat.
1615 678 1706 729 Spr.
1736 679 1787 718 96
1815 690 1904 730 sqq
1951 676 2014 718 Ex
2048 677 2125 719 hoc
2151 690 2300 729 genere
2324 670 2419 720 est'·
2482 713 2486 715 >

299 741 534 781 Aurelius
568 741 800 781 Arellius.
858 742 936 780 Sed
972 741 1094 781 redeo
1122 741 1175 780 ad
1206 741 1247 780 id
1277 742 1385 792 quod
1414 742 1644 792 quaeritur.
1698 742 2069 782 Grammaticorum
2098 736 2331 795 disciplina
2330 753 2403 786 ω

298 806 503 846 scribendi
533 806 642 846 ratio
671 805 836 846 uidetur
865 806 1013 846 urbani
1042 809 1169 855 atque
1197 805 1400 857 elegantis
1429 807 1625 860 sermonis
1652 806 1890 846 discrimina
1917 805 2082 846 imitata
2108 797 2195 846 esse
2214 804 2388 858 eoquod
2437 844 2446 848 -

297 870 480 921 scripsit:
524 869 671 910 audeo:
715 869 849 915 sodes3
892 869 1018 909 codex
1061 870 1235 919 (caudex
1277 868 1495 921 ”antiqui”:
1538 869 1690 910 Seneca
1732 869 1782 909 de
1812 869 2018 909 breuitate
2051 870 2162 910 uitae
2190 877 2234 910 c?
2256 871 2317 910 14.
2342 869 2389 920 3)

298 946 445 983 caupo:
477 946 595 983 copa3
625 933 729 983 (ola)
758 933 852 982 olla,
883 933 1072 979 osculari,
1102 937 1271 981 ostrum,
1302 933 1391 981 sol;
1422 936 1463 972 et
1491 947 1652 972 rursus:
1682 946 1831 973 raucus
1859 932 2012 983 plaudo
2039 934 2246 984 auspicari
2270 933 2388 984 plau-

296 1000 407 1035 trum
451 995 668 1035 Diomedes
710 995 787 1035 382
830 995 1064 1035 Priscianus
1107 996 1127 1034 I
1171 995 1221 1034 53
1261 995 1434 1046 (plostra
1462 996 1539 1047 leg.
1569 995 1647 1035 Iul.
1679 1009 1788 1035 mun.
1817 996 1885 1043 60)
1914 1008 2059 1035 aurum
2088 996 2236 1047 auriga
2263 995 2387 1036 auris.

297 1059 408 1100 Haeo
451 1058 581 1111 igitur
624 1059 748 1100 etiam
790 1072 888 1101 uoce
925 1058 1172 1101 differebant
1200 1059 1371 1110 aliquid,
1401 1063 1443 1101 et
1471 1059 1636 1110 quidem
1665 1059 1736 1108 sic,
1764 1059 1897 1106 credo,
1927 1064 1975 1100 ut
2002 1073 2109 1113 quae
2135 1072 2210 1112 per
2237 1073 2263 1101 a
2290 1062 2332 1101 et
2359 1073 2412 1100 ιι.

295 1123 459 1163 litteras
488 1123 777 1173 scriberentur,
808 1137 856 1164 ea
884 1137 958 1176 per
987 1123 1149 1164 easdem
1178 1123 1474 1175 proferrentur,
1504 1124 1741 1175 pariterque
1769 1136 1817 1163 ea
1843 1137 1948 1175 quae
1975 1137 2048 1175 per
2067 1137 2090 1164 o
2110 1123 2388 1164 scriberentur

296 1202 393 1228 uoce
435 1201 483 1227 ac
526 1188 734 1239 scriptura
777 1191 1070 1240 congruerent;
1113 1200 1243 1238 neque
1286 1187 1392 1227 enim
1435 1187 1543 1239 quod
1586 1188 1639 1228 ad
1681 1188 1955 1239 antiquiorem
1998 1192 2177 1229 aetatem
2219 1187 2385 1240 attinet,

295 1252 425 1293 ullum
455 1252 530 1292 hoc
559 1253 600 1292 in
630 1265 778 1303 genere
809 1252 936 1292 falsae
966 1256 1039 1292 aut
1067 1253 1253 1292 inuersae
1283 1252 1512 1303 scripturae
1537 1252 1732 1293 indicium
1752 1256 1900 1299 exstat,
1921 1257 1963 1293 et
1982 1252 2160 1294 uidimus
2179 1253 2385 1294 eruditam

294 1329 435 1356 uocem
465 1316 517 1356 ab
546 1315 620 1356 illa
649 1317 703 1356 au
732 1316 988 1368 diphthongo
1016 1315 1291 1356 abhorruisse.
1349 1316 1454 1356 Sunt
1482 1321 1619 1357 tamen
1648 1316 1800 1357 litteris
1828 1317 1984 1357 tradita
2013 1330 2118 1370 quae
2138 1308 2385 1370 scripturam

295 1380 477 1419 uarient:
507 1379 649 1420 Gauda
677 1383 719 1420 et
747 1380 862 1427 coda,
891 1380 1020 1420 caulis
1048 1380 1150 1432 (-es)
1178 1383 1220 1419 et
1248 1379 1354 1419 coles
1383 1379 1479 1429 (-is)‚
1510 1392 1657 1419 caurus
1685 1384 1727 1419 et
1754 1393 1883 1427 corus,
1904 1380 2034 1421 Aulus
2053 1385 2095 1421 et
2113 1380 2225 1429 Olus,
2245 1380 2385 1420 lautus

294 1448 335 1483 et
378 1444 501 1490 lotus,
543 1458 672 1495 caupo
714 1445 758 1482 et'
796 1457 914 1494 copo;
958 1444 1058 1483 haec
1099 1443 1278 1483 discreta
1306 1456 1400 1483 usu:
1443 1442 1605 1482 Claudii
1633 1457 1658 1483 a
1686 1443 1878 1485 Suetonio
1906 1434 2174 1485 nominantur
2200 1444 2383 1485 homines

292 1507 404 1547 illius
445 1509 579 1558 gentis
621 1508 932 1560 imperatoriae:
975 1506 1107 1547 Clodii
1150 1506 1337 1547 nonnulli
1380 1510 1475 1547 sunt
1516 1520 1581 1559 ap.
1624 1506 1818 1548 Senecam
1860 1507 1937 1549 Rh.
1965 1522 2005 1561 p.
2035 1509 2131 1558 2973
2159 1507 2256 1558 4043
2285 1508 2382 1558 4553

292 1572 370 1611 456
401 1570 474 1621 M.;
504 1571 576 1612 alii
610 1571 776 1620 Plautii,
805 1571 877 1611 alii
907 1570 1048 1619 Plotii3
1078 1570 1253 1610 Taurius
1281 1569 1380 1609 CIL.
1410 1570 1444 1608 Ι.
1478 1572 1590 1617 1555,
1621 1570 1670 1610 cf.
1701 1571 1808 1611 Fe'st.
1838 1572 1932 1611 360:
1962 1571 2149 1612 Thorius.
2192 1571 2270 1612 Sed
2299 1566 2382 1624 ple-

291 1649 464 1686 rumque
506 1649 555 1675 ea
597 1648 702 1686 quae
746 1637 819 1675 hoc
854 1637 895 1674 in
931 1648 1078 1685 genere
1112 1648 1186 1685 per
1214 1647 1237 1673 0
1266 1634 1553 1673 scribebantur
1581 1633 1775 1674 uidentur
1802 1635 1926 1675 fuisse
1955 1636 2129 1676 sermoni
2154 1627 2384 1688 cottidiano

292 1698 541 1751 uulgarique
582 1699 785 1751 propiora,
830 1701 872 1739 et
902 1697 1074 1739 fortasse
1103 1697 1167 1738 hic
1197 1710 1357 1749 quoque
1387 1710 1468 1738 uox
1496 1696 1569 1738 illa
1597 1697 1751 1739 rustica
1779 1698 1840 1738 au
1868 1698 2055 1740 sonabat.
2110 1697 2268 1752 Quippe
2296 1697 2382 1752 ple-

292 1763 385 1803 beia
413 1776 493 1814 uox
524 1776 601 1803 non
630 1764 740 1803 omni
768 1767 888 1815 parte
917 1763 1053 1814 potuit
1081 1762 1133 1801 ab
1163 1762 1325 1801 erudita
1354 1763 1556 1802 remoueri
1585 1775 1632 1802 ac
1661 1764 1857 1814 separari.
1904 1764 1959 1803 Et
1987 1765 2028 1804 in
2051 1764 2169 1804 libris
2189 1763 2382 1814 uulgaria

290 1828 364 1867 illa
393 1831 480 1867 tum
510 1831 622 1868 certo
651 1828 820 1868 consilio
850 1829 984 1878 posita
1012 1831 1120 1874 sunt,
1149 1830 1234 1866 tum
1265 1827 1373 1876 quod
1403 1827 1622 1878 scriptores
1650 1841 1833 1868 sermone
1861 1828 1993 1879 magis
2021 1827 2184 1881 uulgari
2212 1827 2381 1869 uteban-

290 1894 372 1931 tur.
430 1890 552 1932 Certo
582 1891 748 1932 consilio
776 1890 917 1931 Cicero
946 1890 1118 1943 uulgare
1147 1889 1251 1929 illud
1280 1902 1481 1941 usurpans
1510 1890 1675 1941 scripsit
1702 1890 1938 1932 loreolam
1966 1892 2009 1931 in
2028 1896 2236 1933 mustaceo
2256 1903 2379 1943 quae-

290 1968 381 1995 rere
410 1956 463 1994 ad
494 1956 581 1994 Att.
617 1955 660 1994 V.
690 1956 754 1994 20.
784 1957 827 2003 43
857 1955 965 1994 idem
994 1954 1171 2005 Appium
1200 1953 1456 1993 Claudium
1478 1945 1712 1994 constanter
1731 1955 1850 2007 dixit,
1870 1959 1914 1995 at
1934 1955 2125 1995 Publium
2144 1955 2378 1995 Clodium.

291 2019 428 2058 Aliter
470 2023 609 2059 autem
652 2022 892 2070 comparata
934 2022 1031 2057 sunt
1064 2018 1182 2057 haec:
1225 2015 1462 2067 pollulum
1491 2015 1654 2056 Cassius
1689 2031 1749 2069 ep.
1777 2018 1872 2058 fam.
1902 2016 1995 2058 XII.
2026 2018 2088 2056 12.
2118 2018 2169 2067 2.;
2198 2018 2380 2069 ospica-

290 2086 371 2123 tur
413 2082 610 2123 Claudius
652 2082 952 2133 Quadrigarius
994 2094 1058 2133 ap.
1102 2079 1336 2120 Diomedem
1379 2079 1469 2119 383.
1516 2081 1588 2129 10.;
1630 2093 1723 2121 eum
1752 2080 1967 2121 Claudium
2001 2080 2152 2122 Fronto
2180 2081 2246 2133 ap.
2273 2080 2378 2122 Gell.

290 2146 411 2185 VIII.
456 2148 519 2185 29.
562 2147 584 2184 2
632 2146 732 2185 dicit
774 2146 899 2185 fuisse
941 2146 1076 2184 uirum
1118 2158 1246 2198 prope
1289 2145 1503 2184 cottidiani
1545 2147 1760 2194 sermonis3
1796 2145 2031 2186 Sauracte
2072 2146 2166 2197 (pro
2195 2145 2380 2198 Soracte)

288 2210 390 2251 Cato
434 2225 496 2263 ap.
540 2210 771 2251 Varronem
813 2210 838 2249 l.
870 2223 908 2261 q.
945 2208 998 2258 d.;
1027 2213 1165 2259 briga
1196 2208 1326 2248 Varro
1353 2208 1440 2258 ipse
1469 2207 1516 2246 R.
1548 2207 1593 2248 R.
1623 2208 1677 2248 ΙΙ.
1708 2209 1776 2258 78;
1804 2209 1867 2249 84.
1923 2208 2011 2249 Hoc
2039 2222 2150 2258 uero,
2178 2208 2378 2260 quidquid

287 2275 395 2315 inter
422 2276 621 2314 rusticam
652 2277 692 2314 et
722 2274 923 2313 urbanam
952 2285 1092 2313 uocem
1122 2273 1197 2313 hoc
1225 2273 1267 2311 in
1296 2285 1446 2323 genere
1474 2272 1686 2318 intererat,
1716 2273 2013 2325 qualecumque
2038 2277 2140 2322 crat,
2160 2286 2238 2313 non
2258 2272 2379 2324 plane

287 2341 493 2390 scriptura
521 2340 694 2390 exprimi
723 2339 917 2390 potuisse,
961 2352 1011 2377 ex
1040 2351 1086 2377 eo
1114 2336 1386 2387 intellegitur,
1416 2336 1524 2386 quod
1554 2337 1775 2388 scriptores
1803 2341 1850 2377 ut
1878 2337 1921 2377 id
1949 2337 2166 2378 discrimen
2193 2337 2378 2378 ostende·

287 2408 392 2447 rent,
423 2404 456 2442 si
486 2404 594 2444 ratio
623 2403 826 2443 scribendi
856 2415 910 2442 au
937 2400 1188 2453 postulabat,
1217 2400 1414 2439 rusticam
1444 2412 1491 2439 ac
1519 2400 1696 2451 priscam
1725 2413 1865 2441 uocem
1893 2413 1966 2452 per
1993 2413 2018 2441 o
2046 2399 2285 2449 reddebant,
2314 2399 2376 2440 sin

287 2481 321 2515 o,
352 2480 424 2519 per
453 2480 518 2507 au.
566 2467 746 2506 ”Rustici
775 2467 926 2511 orum”,
956 2465 1063 2506 Fest.
1092 2479 1130 2517 p.
1163 2465 1256 2512 1913
1286 2463 1486 2514 plostrum
1519 2464 1718 2503 rusticum
1753 2464 1833 2504 dici
1852 2463 2043 2511 uidimus,
2062 2464 2226 2514 aliaque
2247 2463 2377 2503 nomi-

288 2532 500 2579 nauimus3
528 2553 582 2560 ——
610 2537 652 2570 et
695 2544 836 2582 porro:
882 2529 1080 2570 Sauracte
1122 2527 1224 2569 Cato
1254 2528 1282 2567 l.
1311 2541 1349 2578 q.
1380 2527 1432 2576 d.;
1474 2527 1613 2568 ”aulas
1641 2529 1801 2580 antiqui
1831 2528 2057 2577 dicebant”,
2086 2527 2240 2568 Paulus
2267 2526 2378 2568 Festi

287 2607 324 2645 p.
369 2594 433 2638 23,
462 2597 504 2633 et
533 2594 755 2633 ”aulicocia
786 2593 918 2641 exta”,
947 2593 1180 2632 ”scrantum
1210 2592 1439 2632 uocabatur
1467 2591 1748 2643 pelliceum”
1778 2592 1887 2632 Fest.
1916 2591 2006 2638 332,
2036 2591 2087 2632 cf.
2116 2592 2254 2632 austia
2280 2590 2377 2631 Gar.

287 2657 404 2696 2189.
456 2655 627 2703 Quando
657 2656 842 2707 uulgaris
870 2656 945 2694 illa
974 2657 1033 2694 au
1062 2655 1343 2705 diphthongus
1371 2655 1413 2692 in
1443 2654 1667 2704 simplicem
1696 2668 1835 2695 uocem
1863 2668 2061 2695 conuersa
2089 2655 2155 2699 sit,
2183 2653 2377 2694 constitui

287 2734 367 2760 non
410 2724 558 2772 potest.
614 2720 828 2760 Diomedes
870 2719 1033 2771 quidem
1065 2718 1289 2770 simplicem
1318 2717 1494 2758 fortasse
1523 2730 1666 2758 sonum
1695 2717 1795 2757 dicit
1823 2716 1901 2757 383
1929 2717 1967 2758 Κ
1996 2717 2070 2758 ”au
2098 2716 2259 2769 syllaba
2285 2728 2376 2757 cum

285 2798 308 2825 o
337 2783 625 2824 commercium
654 2783 791 2828 habet,
821 2786 868 2823 ut
897 2795 988 2822 cum
1017 2782 1190 2822 dicimus
1218 2781 1428 2821 ’claustra'
1458 2785 1499 2822 et
1528 2781 1717 2832 ’clostra',
1740 2780 1894 2821 ’cauda'
1920 2785 1963 2822 et
1984 2780 2110 2823 ’coda’
2130 2783 2172 2822 et
2191 2779 2374 2822 similiff.

285 2848 454 2887 Planius
484 2847 719 2887 Priscianus
748 2848 767 2886 I
788 2848 850 2886 39.
872 2848 908 2887 8.
957 2846 1035 2886 Sed
1064 2850 1232 2898 propter
1260 2859 1308 2885 ea
1337 2859 1441 2896 quae
1470 2846 1683 2896 disputata
1711 2850 1819 2890 sunt,
1847 2858 1948 2885 uera
1974 2844 2267 2896 diphthonguS,
2295 2857 2375 2884 non

283 2915 451 2953 inuersa
479 2912 648 2963 scriptio
677 2912 839 2951 subesse
869 2911 1034 2951 uidetur
1062 2912 1138 2951 his:
1168 2910 1371 2950 craudelis
1399 2908 1527 2950 Graff.
1558 2910 1695 2961 Pomp.
1719 2909 1830 2950 XIX.
1852 2911 1874 2949 7
1895 2924 1960 2962 ap.
1977 2908 2148 2951 Corssen
2167 2909 2218 2949 de
2236 2908 2372 2961 pron-²

284 2977 305 3016 I
349 2976 426 3016 359
470 2980 513 3017 et
557 2975 783 3027 Spauri[os]
815 2976 885 3028 (Ρ),
920 2975 952 3016 si
995 2988 1139 3015 uerum
1182 2971 1256 3021 est,
1297 2973 1393 3014 Gar.
1425 2972 1523 3025 Syll.
1553 2973 1657 3026 818.;
1686 2973 1912 3013 aumatium
1941 2971 2158 3013 Petronius
2187 2971 2236 3011 fr.
2267 2970 2374 3011 XIII

282 3052 321 3089 p.
356 3039 429 3077 109
459 3039 492 3077 B
511 3038 575 3077 ed.
605 3038 655 3085 2.;
687 3039 792 3088 quod
822 3040 1005 3089 suspicor
1033 3051 1118 3077 esse
1148 3053 1173 3078 a
1201 3042 1324 3077 recto*
1342 3035 1558 3086 ὀμμάτων,
1586 3041 1639 3087 et,
1669 3039 1862 3087 quoniam
1890 3038 1988 3076 item
2009 3036 2288 3076 aurichalcum
2307 3049 2373 3087 ap.

282 3101 476 3142 Plautum
506 3101 689 3153 aliosque
719 3104 782 3141 est
810 3102 863 3141 ab
892 3098 1116 3154 ὀρειχάλκῳ
1145 3101 1314 3150 (Paulus
1343 3100 1454 3140 Festi
1485 3112 1522 3151 p.
1553 3100 1590 3150 9,
1621 3113 1659 3138 u.
1689 3104 1827 3140 annot.
1857 3098 1888 3139 C
1905 3098 1939 3139 Ο
1967 3098 2155 3139 Muelleri
2183 3098 2236 3139 ad
2257 3098 2294 3138 h.
2316 3097 2372 3147 1.),
