2648 3533
1401 197 1453 263 ie

384 334 591 378 tanei-ant,
633 344 723 371 cum
767 332 911 383 primo,
952 332 1158 373 uarietate
1199 343 1439 384 graecorum
1480 329 1691 373 numinum
1730 323 1947 376 officiente.
1987 328 2328 388 omnm-21.

386 395 657 452 posteriorum
699 395 957 447 physicorum
1000 401 1042 434 et
1082 395 1338 436 sacerdotum
1380 393 1622 445 rationibus,
1664 386 1826 435 mutata
1866 393 1999 446 specie
2041 394 2091 435 'nc
2115 374 2318 450 mutati-⁸⁸³
2313 384 2479 457 5125&oe

385 458 684 511 quodammodo
712 462 904 500 revocata
933 461 1030 498 sunt
1058 461 1184 510 atque
1212 462 1419 499 renovata.
1443 481 1492 488 —
1519 457 1613 498 Indi
1643 443 1790 509 Solem,
1820 462 1866 499 ut
1894 442 2078 500 uitalem
2092 454 2271 511 genium,
2297 452 2505 513 mida-'4
2590 448 2648 520 ς’

386 523 550 563 bantur.
608 521 733 562 Velut
762 522 812 562 de
841 522 963 562 laude
992 521 1098 561 Solis
1126 522 1201 561 hoc
1229 526 1291 562 est
1319 522 1366 561 R.
1399 522 1444 561 V.
1474 521 1495 560 Ι
1528 524 1602 561 115
1631 521 1807 562 ”caelum
1837 527 2001 562 terram
2020 534 2156 568 aerem
2184 517 2377 574 ¹impleuit
2400 510 2490 572 861
2575 518 2596 557 Τ
2637 521 2648 548 ,²

387 586 562 638 (sequ),
592 586 761 637 spiritus
790 590 831 626 et
860 587 996 626 anima
1024 588 1164 625 eorum
1193 598 1299 636 quae
1329 587 1556 626 consistunt
1585 590 1626 626 et
1655 599 1762 637 quae
1781 585 2032 627 mouentur'&
2074 585 2245 628 Graecis
2262 589 2357 627 erat
2373 598 2494 629 suus»
2526 626 2528 628 .

387 649 548 700 ’Apollo
576 648 760 690 Genitor’
790 649 840 689 de
869 663 949 699 quo
964 648 1149 689 Cloatius
1169 653 1211 689 et
1235 648 1366 689 Varro
1386 663 1451 699 ap.
1472 648 1651 689 Mac-rob.
1672 648 1709 689 S.
1732 647 1803 687 III
1821 649 1859 688 6.
1879 649 1982 698 2-63
2003 647 2245 690 Censorinus
2265 661 2298 688 c..
2319 648 2344 688 2
2363 652 2489 690 extra

385 711 533 752 Ianus
562 714 802 766 patricius
826 714 901 762 (sic
920 711 1131 753 Cornelius
1154 712 1290 751 Labeo
1309 725 1373 763 ap.
1398 711 1552 763 Lydum
1573 712 1623 752 de
1644 724 1766 751 mens.
1792 711 1865 750 143
1880 710 1935 763 R)
1955 712 2090 752 nescio
2109 725 2161 752 an
2181 711 2470 752 iuret-oufen-

385 780 455 815 tur
484 790 575 816 cum
604 790 651 816 eo
681 777 750 826 qui
780 790 804 816 a
833 776 999 816 Graecis
1028 775 1162 815 dictus
1191 780 1253 815 est
1283 775 1427 826 Apollo
1456 771 1643 827 ἀρχηγός,
1672 774 1880 826 πρόγονος,
1910 776 2107 827 πατρῷος
2125 775 2191 826 (de
2210 788 2292 827 quo
2308 774 2486 827 Prellex}

386 838 688 892 MythvGraec.
719 839 741 879 I
770 841 896 891 272²).
956 839 1071 879 Hanc
1100 840 1426 890 congruentiam,
1456 839 1542 879 sine
1572 852 1596 878 a
1625 838 1827 879 communi
1855 837 1961 878 forte
1985 838 2167 890 profecta
2193 840 2278 879 siue
2298 837 2470 881 fortuita

385 907 459 947 est,
503 903 698 943 uiderunt
726 904 805 942 iam
836 904 1007 953 antiqui,
1042 907 1147 942 teste
1178 902 1357 942 Macrob.
1390 902 1427 942 S.
1458 902 1479 941 I
1511 904 1570 941 17.
1601 903 1664 942 42.
1723 902 1910 942 Fortasse
1942 903 2072 954 primo
2100 903 2207 943 idem
2235 903 2316 943 fuit
2344 897 2470 944 Ianus

384 967 583 1017 patricius
625 979 673 1006 ac
715 966 791 1006 Sol
823 966 1019 1018 Indiges
1053 965 1141 1006 CIL
1170 965 1192 1004 I
1221 966 1262 1005 F.
1292 966 1343 1005 ad
1374 979 1408 1005 a.
1439 966 1478 1005 d.
1511 965 1616 1006 VIII
1646 966 1694 1005 Id
1725 968 1827 1018 Aug.
1858 966 1946 1015 Quo
1974 966 2127 1007 factum
2156 971 2219 1007 est
2247 971 2293 1007 ut
2320 966 2468 1008 Ianum

385 1031 715 1080 antiquissimum
746 1030 863 1070 deum
896 1030 1003 1070 Latii
1034 1031 1227 1070 dicerent.
1284 1029 1503 1081 Procopius
1530 1029 1651 1070 Goth.
1681 1029 1703 1068 Ι
1731 1030 1780 1068 25
1809 1044 1847 1081 p.
1880 1031 1954 1068 122
1982 1033 2146 1081 πρῶτον
2179 1033 2258 1068 τῶν
2291 1026 2470 1082 ἀρχαίων

383 1094 496 1132 θεῶν
524 1107 614 1133 eum
648 1096 839 1133 nominat.
898 1094 1008 1133 Haec
1038 1098 1175 1132 tamen
1205 1106 1282 1133 non
1313 1093 1482 1143 proinde
1510 1093 1675 1143 disputo
1703 1094 1822 1143 quasi
1851 1107 1993 1145 negem
2018 1094 2209 1144 antiquos
2228 1093 2312 1140 fere
2330 1107 2469 1134 omues

384 1158 632 1197 consensisse
675 1158 895 1197 maximam
933 1162 1095 1208 'partem
1140 1160 1256 1195 ortus
1299 1156 1468 1195 humani
1498 1155 1609 1196 Iouis
1640 1156 1832 1196 beneficio
1865 1161 2075 1210 acceptam
2104 1169 2202 1205 esse,
2231 1157 2340 1207 quod
2370 1157 2470 1197 satis

384 1224 560 1271 apparet
588 1233 637 1260 ex
666 1220 1005 1271 indigitamentis,
1034 1224 1076 1259 et
1104 1219 1154 1258 cf.
1184 1219 1234 1258 de
1264 1232 1311 1258 ea
1340 1232 1383 1258 re
1412 1219 1453 1258 C.
1485 1219 1529 1258 O.
1561 1218 1735 1259 Mueller
1762 1219 1830 1260 111
1859 1219 2054 1260 Etruscor
2082 1234 2121 1272 p.
2150 1221 2212 1259 91.
2259 1219 2320 1259 Ea
2339 1220 2470 1271 igitur

339 1296 343 1297 ⁷
383 1284 572 1325 doctrina
615 1299 719 1337 quae
763 1284 844 1325 Soli
888 1286 1082 1326 maiorem
1125 1289 1251 1335 atque
1293 1283 1396 1324 adeo
1439 1284 1670 1324 uniuersam
1714 1285 1797 1324 uim
1839 1284 2047 1331 attribuit,
2083 1297 2172 1324 eum
2203 1297 2293 1324 cum
2323 1283 2469 1325 ceteris

383 1349 552 1388 summis
581 1348 643 1387 dis
672 1348 938 1389 confunderet
969 1362 1129 1389 necesse
1159 1345 1265 1397 erat3
1297 1350 1401 1400 quod
1433 1349 1612 1389 ostendit
1641 1362 1783 1390 uersus
1812 1350 1881 1389 ille
1909 1349 2123 1402 Orphicus:
2159 1342 2221 1396 εἷς
2262 1349 2366 1397 Ζεύς
2407 1340 2470 1397 εἷς

373 1408 516 1463 Ἀίδης
542 1403 771 1458 εἷςἭλιος
800 1404 863 1458 εἷς
890 1411 1103 1457 Διόνυσος.
1152 1411 1249 1450 Eius
1277 1412 1578 1451 commixtionis
1606 1416 1731 1464 atque
1760 1413 2007 1453 confusionis
2033 1426 2158 1453 causa
2177 1416 2268 1453 erat
2287 1413 2466 1453 studium

383 1474 641 1525 quorundam
684 1477 912 1527 potestates
955 1474 1121 1514 deorum
1165 1478 1255 1513 arte
1284 1473 1497 1525 digerendi
1528 1479 1569 1514 et
1598 1475 1784 1516 formulis
1812 1476 2090 1516 concludendi.
2148 1475 2280 1516 Aliter
2309 1476 2468 1527 priscae

383 1543 527 1589 gentes
569 1543 796 1590 temporum
840 1539 1133 1589 antiquiorum,
1177 1551 1282 1589 quae
1312 1538 1408 1577 deos
1438 1551 1509 1578 nec
1538 1538 1749 1579 subtiliter
1777 1533 2088 1590 distinguebant
2116 1552 2190 1579 nec
2218 1544 2355 1579 tamen
2386 1552 2467 1580 non

383 1601 684 1641 discernebant.
730 1602 974 1652 Antiquitus
1001 1602 1107 1641 enim
1138 1601 1202 1640 uel
1232 1601 1376 1641 Graeci
1410 1602 1474 1643 uel
1503 1603 1675 1643 Romani
1704 1604 1864 1644 etiamsi
1892 1607 1934 1643 et
1963 1603 2107 1647 Solem,
2139 1604 2225 1644 siue
2244 1617 2291 1643 eo
2310 1605 2469 1644 nomine

382 1666 470 1705 siue
502 1665 727 1717 Apollinem
757 1667 843 1705 siue
873 1664 1115 1705 Martem—-
1144 1666 1251 1716 quod
1282 1671 1417 1706 tamen
1446 1666 1496 1707 de
1525 1666 1671 1711 Marte.
1701 1670 1763 1708 est
1791 1667 1992 1707 incertum
2009 1666 2048 1718 *)
2070 1690 2117 1696 -
2139 1680 2230 1707 eum
2251 1666 2469 1715 uocabant,

382 1733 424 1769 et
451 1728 607 1775 Iouem,
621 1729 663 1768 id
692 1732 755 1768 est
782 1728 964 1776 Caelum,
980 1741 1052 1779 pro
1080 1728 1221 1768 Geniis
1250 1729 1552 1768 uniuersalibus
1577 1730 1770 1781 uitaeque
1791 1730 1993 1769 humanae
2013 1730 2228 1770 datoribus
2248 1729 2467 1776 habebant,

382 1798 518 1833 tamen
562 1807 639 1833 non
682 1792 987 1833 confundebant
1015 1796 1087 1832 aut
1106 1793 1415 1844 *permiscebant
1443 1806 1580 1833 eorum
1611 1794 1788 1834 numina.
1846 1793 1894 1833 In
1930 1807 1975 1834 ea
2006 1797 2191 1846 tempora
2219 1792 2330 1833 cadit
2352 1793 2466 1844 quod

382 1857 431 1897 de
460 1857 578 1896 Indis
607 1857 758 1897 aetatis
788 1856 955 1896 uedicae
984 1856 1084 1895 dicit
1115 1855 1168 1894 M.
1199 1856 1386 1903 Mueller,
1415 1856 1558 1896 Indien
1589 1857 1631 1896 in
1660 1871 1690 1897 s.
1720 1857 1852 1909 weltg.
1908 1857 2148 1909 Bedeutung
2177 1871 2216 1908 p.
2248 1858 2334 1897 126.
2390 1857 2468 1897 ”Es

382 1922 437 1962 ist
477 1921 550 1961 der
592 1920 938 1971 eigenthiiinliche
980 1919 1212 1961 Charakter
1249 1921 1365 1971 jener
1407 1920 1537 1961 Phase
1566 1920 1638 1961 des
1665 1921 1881 1973 religiosen
1915 1921 2115 1972 Denkens,
2144 1921 2296 1961 welche
2323 1921 2398 1960 wir
2424 1920 2464 1961 in

385 1984 501 2024 Veda
544 1998 592 2024 zu
634 1984 819 2023 studiren
864 1984 1008 2031 haben,
1052 1984 1145 2023 dass
1187 1985 1228 2023 in
1272 1985 1336 2024 ihr
1370 1985 1445 2024 das
1473 1984 1679 2025 Gottliche
1707 1986 1769 2026 als
1799 1986 2088 2037 mannigfaltig
2123 1985 2352 2035 aufgefasst
2381 1985 2465 2025 und

382 2048 627 2099 dargestellt
673 2047 788 2094 wird,
837 2047 927 2086 und
975 2047 1086 2086 dass
1133 2048 1256 2086 viele
1303 2048 1650 2099 Thatigkeiten
1699 2062 1783 2088 von
1837 2049 2211 2088 verschiedenen
2244 2047 2465 2088 ‘Gottern

383 2112 672 2163 gemeinsam
704 2111 973 2150 verrichtet
1001 2110 1199 2156 werden,
1231 2111 1283 2149 da
1311 2111 1413 2150 noch
1443 2111 1533 2151 keiu
1566 2111 1745 2151 Versuch
1775 2111 1965 2162 gemacht
1992 2112 2152 2151 worden
2181 2112 2236 2150 ist
2254 2111 2321 2150 die
2338 2124 2466 2162 ganze

381 2174 682 2226 Korperschaft
724 2174 797 2213 der
839 2173 987 2213 Gotter
1030 2187 1077 2212 zu
1121 2174 1390 2223 organisiren‚
1432 2173 1615 2213 dadurch
1658 2173 1753 2212 dass
1794 2186 1887 2212 man
1917 2173 1994 2213 den
2022 2174 2139 2212 einen
2168 2186 2257 2212 vom
2286 2172 2464 2213 anderen

383 2238 524 2278 scharf
549 2241 688 2278 trennt
717 2237 801 2277 und
832 2238 889 2277 sie
918 2237 1000 2277 alle
1030 2236 1344 2277 verschiedenen
1374 2237 1471 2276 oder
1499 2251 1565 2277 am
1594 2236 1709 2276 Ende
1738 2237 1867 2277 einem
1897 2236 2136 2288 Oberhaupt
2162 2236 2464 2277 unterordnet”.

486 2299 586 2341 Cum
616 2301 734 2352 aquis
763 2304 805 2340 et
826 2299 1013 2348 ‚fontibus
1042 2300 1215 2350 antiqua
1245 2300 1353 2339 fama
1383 2298 1528 2339 Ianum
1558 2301 1803 2350 coniungens
1833 2313 2000 2341 uxorem
2028 2301 2064 2341 ei
2100 2298 2213 2340 dedit
2247 2298 2464 2340 Iuturnam

382 2365 592 2416 filiumque
635 2364 816 2404 Fontem-
875 2363 1074 2404 Similiter
1103 2364 1247 2415 Apollo
1282 2364 1406 2414 uulgo
1437 2365 1660 2415 posteriore
1689 2369 1827 2405 aetate
1855 2368 1946 2404 erat
1978 2365 2100 2405 etiam
2132 2364 2313 2404 Pluuius.
2369 2364 2464 2404 Am·

383 2429 539 2469 brosius
586 2428 636 2468 de
682 2429 768 2468 ben.
813 2432 919 2479 patr
971 2429 1027 2468 12.
1073 2429 1123 2467 59
1170 2428 1309 2478 ”quasi
1358 2428 1486 2468 bonus
1533 2428 1717 2478 agricola
1764 2429 1885 2468 dixit:
1934 2427 2021 2479 Ego
2068 2428 2271 2498 plantaui,
2318 2427 2465 2497 Apollo

324 2509 327 2513 ¹
380 2491 570 2543 rigauit”.

487 2556 682 2596 Annusne
710 2578 764 2584 —-
791 2554 900 2606 quod
929 2554 1029 2602 dicit
1057 2553 1232 2595 Creuzer
1263 2553 1439 2607 Symbol.
1470 2553 1510 2594 11
1540 2555 1618 2594 8813
1638 2555 1791 2608 aliique
1826 2578 1868 2584 --
1900 2554 2027 2596 Ianus
2046 2554 2152 2596 fuit?
2180 2554 2235 2595 Et
2254 2555 2465 2598 affirmare

380 2623 456 2662 hoc
485 2622 584 2662 licet
611 2626 652 2661 et
682 2634 841 2672 negare.
900 2619 1003 2660 Nam
1034 2621 1099 2659 uel
1129 2621 1273 2671 spatiis
1301 2620 1446 2659 annuis
1481 2619 1585 2659 Solis
1621 2619 1686 2659 uel
1731 2620 2046 2670 tempestatibus
2080 2621 2176 2660 anni
2205 2619 2462 2660 diuiduntur.

379 2686 708 2737 Tempestatibus
738 2685 894 2725 diuisus
926 2697 1058 2723 annus
1085 2688 1127 2723 et
1156 2683 1208 2723 ad
1238 2683 1375 2723 ciuilia
1404 2683 1596 2722 instituta
1624 2687 1666 2722 et
1695 2683 1747 2722 ad
1777 2695 1985 2722 sacrorum
2016 2682 2282 2723 caerimonias
2311 2683 2463 2727 Romae

380 2750 609 2801 antiquitus
639 2749 803 2788 maximi
833 2748 913 2788 suit
942 2748 1146 2787 momenti.
1195 2746 1461 2787 Februarium
1492 2759 1668 2786 mensem
1698 2746 1793 2786 anni
1823 2745 1947 2786 fuisse
1976 2746 2177 2795 ultimum,
2209 2760 2303 2788 uere
2333 2747 2461 2789 tradi-

465 2924 497 2964 ὕ)
521 2923 572 2953 Cf.
596 2923 766 2954 Roscheri
787 2924 828 2954 de
851 2925 917 2955 hac
940 2934 978 2954 re
1000 2924 1286 2964 disputationem.
1333 2923 1538 2963 Apollinem
1562 2921 1677 2962 primo
1698 2922 1813 2952 Solem
1836 2921 1943 2953 fuisse
1965 2921 2137 2961 arbitror;
2172 2922 2249 2953 eius
2271 2922 2323 2953 rei
2345 2932 2462 2954 meno·

378 2977 431 3009 ria
466 2986 577 3019 paene
612 2976 829 3009 oblitterata
858 2977 915 3009 sed
939 2987 1010 3008 non
1033 2976 1167 3008 abolita
1190 2981 1277 3009 erat.
1312 2986 1393 3008 cum
1415 2979 1532 3007 aetate
1557 2974 1737 3015 Euripidis
1761 2974 2051 3016 philosophorum
2073 2974 2272 3007 rationibus
2295 2978 2463 3008 reuocat·

377 3035 440 3062 est.
486 3030 608 3062 Aliam
641 3031 683 3062 de
716 3030 831 3071 prima
866 3030 1046 3071 Apollinis
1080 3034 1254 3071 potestate
1288 3030 1501 3061 sententiam
1539 3039 1634 3061 nunc
1668 3027 1776 3058 edidit
1809 3037 1879 3057 von
1911 3027 2102 3059 Sohroeder
2146 3027 2191 3058 Κ.
2215 3028 2308 3058 Ann.
2333 3026 2462 3094 XXIX

377 3085 591 3125 p·1908qq
