2648 3533
106 603 126 635 ιι
187 608 240 652 ζ·
256 639 451 688 Robore
458 641 495 682 1.
528 641 560 680 1
589 655 628 693 p.
657 633 768 694 273)

275 570 452 630 &utros
471 574 637 624 ‘ffliovi
684 576 819 620 Etiam
849 577 998 630 Apollo
1021 581 1111 618 erat
1137 575 1410 630 κουροτρόφος
1438 542 1506 623 (de
1533 589 1614 629 quo
1642 590 1680 616 u.
1710 577 1868 618 Preller
1894 576 2071 630 Mythol.
2093 561 2256 620 Graec.⁸
2284 579 2348 621 ed.
2362 552 2365 553 ⁷

381 701 508 754 Quae
523 717 616 745 cum
657 706 718 745 ita
745 705 841 753 sint,
870 718 948 746 non
974 717 1135 757 possum
1165 704 1354 744 assentiri
1383 703 1624 754 quibusdam
1655 704 1811 763 Ianum
1829 717 1916 745 esse
1943 704 2120 755 caelum3
2147 705 2259 747 aliud
2288 710 2351 748 est

266 768 383 826 enim
411 767 568 809 eaelum
595 768 743 820 ipsum,
771 768 813 808 id
841 772 904 808 est
931 767 1134 820 Iuppiter,
1162 767 1276 807 aliud
1304 768 1390 806 eius
1419 767 1585 811 ianitor,
1613 766 1655 806 id
1684 770 1746 807 est
1774 767 1914 815 Ianus,
1943 769 2058 808 cuius
2085 768 2208 810 ualde
2225 782 2350 810 uene—

193 833 207 840 *
264 830 409 873 >abile
450 840 596 871 numen
639 835 777 871 tamen
818 832 1021 883 dignitate
1063 830 1175 870 Iouis
1203 835 1293 870 erat
1321 831 1504 883 inferius.
1562 831 1603 870 Is
1631 831 1799 871 cottidie
1827 829 1930 871 caeli
1956 836 2096 883 portas
2124 846 2352 884 permeans,

248 917 250 919 ·
276 893 450 938 alteram
479 891 532 936 ab
559 895 727 947 oriente,
756 896 808 937 ab
837 895 1045 937 occidente
1074 895 1246 936 alteram
1276 919 1314 925 -
1349 895 1448 935 haec
1480 894 1743 936 occidentalis
1776 895 1828 935 ab
1858 895 2032 936 Homero
2060 910 2093 935 ω
2121 897 2172 936 12
2200 896 2352 937 dicitur

277 954 433 1013 ἠελίοιο
461 957 590 999 πύλαι
621 983 670 1006 -,
699 950 989 1012 aperiendo'et
1017 958 1241 999 claudendo
1271 958 1400 999 lucem
1430 958 1670 1006 mortalibus
1699 959 1944 1000 credebatur
1973 962 2093 999 certa
2116 959 2206 1011 lege
2233 960 2351 1001 mini·

276 1028 422 1075 strare,
452 1028 499 1064 ut
526 1024 846 1077 dispensatorem
875 1025 987 1064 Iouis
1016 1026 1105 1064 iure
1132 1037 1224 1063 eum
1252 1023 1417 1063 diceres.
2388 1074 2397 1080 ‘

382 1087 518 1130 Etiam
560 1102 700 1141 preces
742 1089 946 1130 hominum
990 1087 1042 1129 ad
1085 1099 1205 1128 aures
1233 1086 1398 1128 deorum
1428 1087 1647 1128 admittere
1677 1086 1837 1135 Ianum,
1867 1091 1913 1127 ut
1942 1087 2165 1129 Ianitorem
2196 1088 2351 1138 mundi,

279 1152 648 1204 uulgofputabant.
703 1151 872 1192 Ovidius
899 1153 920 1190 Ι
949 1152 1106 1191 Fastor.
1143 1153 1210 1190 171
1242 1164 1329 1202 sqq.
1358 1151 1475 1191 ”Mox
1504 1165 1596 1201 ego:
1639 1165 1722 1194 cur,
1753 1153 1940 1202 quamuis
1973 1152 2147 1192 aliorum
2181 1154 2349 1193 numina

275 1215 445 1268 placem,
475 1214 587 1265 Iane,
615 1216 692 1256 tibi
719 1217 894 1267 primum
923 1216 1049 1255 thura
1076 1227 1313 1265 merumque
1341 1215 1453 1255 fero?
1499 1214 1560 1254 Ut
1589 1215 1717 1265 possis
1744 1215 1901 1254 aditum
1931 1229 2003 1265 per
2023 1229 2098 1261 me,
2119 1218 2188 1267 qui
2207 1216 2352 1256 limina

275 1291 407 1327 seruo,
435 1277 489 1318 ad
517 1289 791 1330 quoscumque
818 1278 943 1324 uoles,
973 1278 1119 1330 inquit,
1149 1278 1301 1319 habere
1329 1278 1456 1319 deos”.
1506 1279 1655 1318 Arnob.
1685 1278 1767 1318 III.
1797 1279 1847 1318 29
1880 1282 1921 1318 et
1943 1277 2120 1319 Macrob.
2141 1279 2233 1320 S.1.
2255 1282 2290 1320 9.
2313 1281 2352 1329 3,

275 1355 376 1395 quos
403 1343 586 1387 nominat
613 1341 770 1382 Preller
797 1342 926 1394 Myth.
956 1342 1090 1382 Rom.⁸
1121 1341 1142 1379 Ι
1172 1341 1295 1392 169³).
1350 1342 1505 1382 Gauius
1528 1334 1682 1382 'Bassus
1709 1355 1773 1393 ap.
1805 1342 1959 1394 Lydum
1986 1343 2035 1382 de
2058 1355 2180 1383 mens.
2201 1343 2305 1382 IIII.
2325 1345 2350 1383 2

274 1419 312 1457 p.
343 1406 393 1446 52
423 1405 495 1445 Bk.
538 1405 684 1454 Itaque
713 1407 751 1446 ei
777 1406 909 1457 primo
936 1406 981 1445 in*
1006 1405 1195 1446 omnibus
1227 1406 1353 1445 sacris
1387 1406 1557 1446 Romani
1578 1406 1878 1457 supplicabant,
1913 1406 1979 1454 (cs.
2014 1406 2177 1453 Brisson
2196 1407 2246 1447 de
2267 1407 2348 1446 for-

275 1469 395 1510 mulis
435 1477 469 1510 c.
512 1469 692 1522 LXXV),
720 1469 842 1522 idque
870 1474 912 1510 et
940 1469 1118 1520 publice:
1149 1467 1237 1509 Liu.
1266 1469 1384 1509 XIII.
1414 1471 1456 1519 9;
1486 1469 1607 1510 Mart.
1637 1469 1685 1508 X.
1716 1471 1778 1509 ⁴28.
1812 1472 1849 1518 13
1880 1470 1968 1509 Act.
1999 1469 2049 1509 fr.
2079 1470 2177 1509 Aru.
2207 1484 2244 1522 p.
2277 1472 2350 1510 144

276 1532 414 1579 Henz.,
456 1536 498 1573 et
538 1533 750 1585 priuatim:
792 1532 894 1573 Cato
922 1533 972 1573 de
1001 1533 1125 1585 agric.
1144 1546 1187 1579 c.
1218 1533 1257 1581 13
1290 1533 1382 1582 1343
1413 1532 1509 1572 Hor.
1538 1532 1560 1571 I
1589 1546 1651 1584 ep.
1687 1535 1742 1572 16.
1774 1535 1824 1573 58
1853 1546 1954 1583 sqq.;
2011 1533 2154 1573 quen.
2185 1533 2244 1573 VI
2273 1532 2349 1573 386

275 1610 364 1651 sqq.
391 1620 444 1626 ——
473 1596 604 1647 (Hanc
633 1596 685 1636 ab
714 1609 877 1637 causam
907 1609 1051 1636 uersus
1078 1595 1244 1636 Ianulos
1272 1597 1314 1635 in
1345 1596 1474 1647 primo
1503 1596 1588 1636 loco
1618 1596 1847 1649 collocaui).

226 1652 229 1655 ⁵
382 1659 543 1700 Etenim
585 1673 675 1699 cum
717 1659 775 1713 sol
809 1660 944 1700 omnia
976 1659 1105 1699 radiis
1132 1659 1271 1706 intret,
1300 1657 1417 1698 facile
1445 1658 1702 1710 intellegitur
1730 1672 1803 1699 cur
1832 1659 1889 1705 ad,
1913 1660 2048 1699 omnia
2078 1660 2233 1701 aditum
2263 1662 2350 1701 eius

275 1723 470 1765 beneficio
498 1727 640 1775 patere
668 1724 839 1764 Romani
867 1724 990 1775 prisci
1018 1723 1268 1775 putauerint.
1323 1721 1471 1773 Itaque
1500 1722 1648 1762 Ianus
1676 1722 1983 1774 Consiuius·)
2025 1724 2251 1764 uocabatur
2279 1725 2349 1776 qui

274 1787 431 1827 aditum
474 1788 654 1837 aperiret
694 1786 925 1837 recipiendo
966 1787 1108 1826 semini
1151 1785 1323 1836 August.
1352 1785 1395 1824 C.
1425 1785 1477 1824 D.
1507 1785 1600 1825 VII.
1631 1788 1666 1826 2.
1722 1787 1809 1835 Quo
1851 1787 2003 1827 factum
2048 1792 2110 1827 est
2152 1793 2199 1827 ut
2228 1787 2350 1828 Ianus

274 1851 429 1902 primus
469 1851 648 1891 omnium
691 1851 857 1890 deorum
886 1851 927 1889 in
956 1850 1287 1899 Indigitamentis
1315 1850 1607 1894 nominaretur,
1637 1852 1807 1901 August.
1837 1850 1879 1890 C.
1912 1851 1955 1889 D.
1987 1851 2055 1890 VI.
2086 1854 2121 1890 9.
2179 1844 2350 1891 Praeter

275 1914 357 1954 uim
399 1913 609 1965 aperiendi
651 1913 693 1953 iu
735 1912 819 1954 sole
859 1914 984 1954 etiam
1026 1926 1113 1953 esse
1154 1913 1308 1954 semina
1350 1914 1460 1953 uitae
1491 1936 1526 1942 —
1554 1913 1661 1965 quod
1705 1918 1794 1954 erat
1822 1918 2135 1955 consentaneum
2164 1938 2201 1943 —
2231 1914 2346 1955 multi

274 1977 577 2018 existimabant.
633 1977 747 2025 Quod
777 1977 910 2018 dicere
939 1977 1106 2017 uidetur
1134 1976 1310 2017 Macrob.
1341 1976 1361 2015 Ι
1391 1978 1427 2016 9.
1461 1979 1507 2016 16
1535 1976 1679 2017 Ianum
1711 1982 1859 2018 uocant
1888 1977 2177 2019 ”Consiuium
2207 1992 2231 2018 a
2260 1992 2351 2019 con·

272 2042 456 2093 serendo,
485 2041 528 2081 id
556 2045 619 2081 est
645 2054 671 2080 a
699 2043 922 2093 propagine
955 2041 1116 2092 generis
1149 2040 1315 2080 humani
1345 2054 1449 2091 quae
1477 2040 1578 2080 Iano
1605 2046 1770 2081 auctore
1800 2043 2059 2081 conseritur”.
2117 2042 2203 2082 Hac
2237 2048 2348 2093 pote-

270 2109 378 2147 state
419 2105 575 2158 γονόεις
616 2118 852 2157 graecorum
883 2102 1038 2152 ‘'Hztog
1078 2117 1103 2144 a
1131 2102 1275 2144 Nomio
1307 2105 1367 2144 12.
1396 2104 1421 2142 2
1450 2105 1695 2151 nominatur,
1737 2108 1778 2144 et
1807 2104 1973 2144 Seruius
2001 2105 2053 2144 ad
2084 2106 2180 2145 Aen.
2210 2104 2271 2144 XI
2298 2107 2345 2144 51

273 2169 373 2210 dicit
413 2182 503 2209 cum
547 2169 657 2208 nasci
698 2169 947 2220 coeperimus
989 2180 1060 2207 nos
1102 2168 1241 2207 sortiri
1274 2181 1299 2207 a
1327 2168 1418 2208 Sole
1447 2170 1654 2220 spiritum3
1683 2169 1787 2208 idem
1818 2168 1934 2208 docet
1962 2169 2090 2226 fusjus
2120 2168 2349 2208 Macrobius

258 2233 326 2274 ad
354 2232 488 2273 Somn.
517 2232 621 2283 Seip.
650 2232 672 2271 Ι
703 2233 764 2272 19.
795 2232 856 2272 23.
912 2231 1024 2280 Quae
1068 2232 1230 2271 tametsi
1273 2232 1530 2283 physicorum
1571 2232 1650 2272 fuit
1692 2233 1890 2279 doctriua,
1934 2236 2069 2272 tamen
2104 2245 2182 2271 non
2216 2232 2277 2272 ita
2305 2233 2348 2271 in

273 2296 603 2349 philosophorum
638 2296 813 2347 argutiis
847 2296 1093 2336 uersabatur
1128 2298 1173 2334 ut
1214 2294 1369 2334 nullum
1398 2295 1529 2335 locum
1561 2296 1730 2335 haberet
1758 2296 1799 2333 in
1829 2295 2032 2334 mentibus
2061 2294 2186 2345 uulgi.
2240 2294 2347 2343 Quin

272 2360 362 2412 ipsa
404 2359 680 2408 Romanorum
721 2359 856 2410 opinio
885 2353 1168 2410 antiquissima
1197 2371 1286 2397 cum
1316 2361 1453 2397 aetate
1483 2362 1687 2409 postrema
1715 2357 1942 2409 paganismi
1970 2357 2048 2397 hac
2074 2371 2118 2397 re
2147 2357 2347 2408 quodam·

274 2422 392 2464 modo
433 2422 655 2470 consensit3
699 2434 791 2461 nam
834 2426 876 2461 et
917 2421 1019 2461 Salii
1061 2421 1266 2462 duonum
1307 2420 1470 2461 Cerum
1514 2422 1657 2462 Ianum
1688 2422 1902 2469 uocabant,
1931 2426 1977 2461 ut
2008 2421 2153 2461 bonum
2182 2422 2349 2473 genium

273 2486 340 2527 uel
381 2483 676 2538 generatorem,
717 2489 758 2524 et
800 2484 867 2525 Sol
908 2486 1052 2536 genius
1089 2484 1240 2524 dicitur
1282 2484 1402 2524 titulo
1444 2485 1602 2525 Heluet.
1646 2485 1872 2524 Wnlmanns
1914 2486 2016 2524 2247
2061 2484 2158 2525 Soli
2199 2484 2348 2526 Genio

232 2576 239 2579 -
274 2549 432 2590 Lunae
473 2553 515 2589 et
555 2547 678 2600 Orell.
722 2548 842 2588 inscr.
872 2547 966 2598 324;
1013 2547 1126 2588 1928.
1182 2547 1343 2588 Etenim
1385 2548 1523 2599 aliqua
1552 2562 1691 2589 eorum
1722 2562 1826 2600 quae
1854 2548 1904 2589 de
1933 2548 1996 2588 dis
2025 2549 2148 2600 prisci
2176 2548 2349 2590 Romani

273 2627 352 2654 non
381 2612 572 2653 ubertate
600 2612 753 2664 ingenii
782 2611 877 2652 ficta
905 2615 1219 2660 exornauerant,
1248 2611 1317 2651 sed
1347 2615 1489 2651 acutae
1518 2612 1691 2651 rationis
1725 2611 1957 2652 subtilitate
1986 2613 2156 2652 inuenta
2185 2615 2348 2665 excogi-

358 2804 389 2846 *)
411 2804 601 2848 Ingeniosa
635 2805 839 2837 coniectura
872 2806 1005 2838 Haueti
1036 2810 1090 2838 est
1123 2806 1309 2838 scribentis
1343 2806 1490 2837 'Cozeui'
1513 2817 1576 2848 pro
1600 2816 1640 2838 eo
1663 2807 1757 2847 quod
1778 2810 1831 2837 est
1853 2806 1892 2837 'm
1914 2805 2032 2837 libris:
2063 2805 2228 2844 ”comtum
2256 2806 2350 2847 quod

273 2857 429 2901 primum
450 2861 504 2890 est
525 2858 653 2891 harum
676 2857 909 2900 reliquiarum
931 2859 1089 2892 uerbum.
1136 2860 1199 2891 Sed
1222 2860 1355 2892 Haueti
1377 2859 1581 2892 coniectura
1602 2861 1739 2892 duobus
1767 2860 1988 2902 argumentis
2011 2859 2225 2891 infirmatur.
2270 2858 2348 2890 Pri-

272 2923 370 2945 mum
402 2922 528 2944 moneo
561 2914 702 2945 Haueto
737 2911 960 2943 scribendum
993 2913 1101 2945 fuisse
1135 2925 1206 2945 non
1238 2914 1400 2952 Cozeui,
1438 2914 1497 2944 sed
1529 2914 1721 2953 Cozeuie3
1758 2913 1868 2955 neque
1904 2915 1999 2946 enim
2035 2915 2114 2945 inde
2137 2924 2159 2945 a
2181 2913 2349 2944 carminis

272 2965 420 2999 Saliaris
454 2969 570 2998 aetate
607 2966 771 2999 contrahi
806 2965 924 3007 potuit
958 2967 1115 2999 uocatim’
1148 2967 1362 3005 terminatio.
1391 2977 1498 3007 quam
1531 2977 1574 2998 ne
1598 2967 1723 2999 Liuius
1746 2968 1973 3001 Andronicus
1995 2968 2135 3009 quidem
2157 2965 2347 2998 contraxit.

235 3059 237 3061 ¹
274 3020 324 3053 Et
355 3029 400 3052 no
431 3020 643 3053 Oonzeuie
676 3020 816 3062 quidem
849 3020 1079 3061 probandum,
1112 3021 1205 3062 quod
1238 3022 1350 3051 metro
1383 3024 1570 3061 repugnat.
1616 3020 1762 3052 Accedit
1784 3022 1877 3062 quod
1899 3022 2092 3055 adoriese
2114 3022 2199 3054 solis
2221 3030 2348 3055 nomen

239 3085 243 3087 ’
273 3074 434 3116 requirit,
457 3085 541 3107 nam
562 3074 695 3107 dicitur
716 3071 895 3115 Sol'oriri,
920 3075 1106 3107 Oonsiuius
1128 3074 1215 3106 oriri
1237 3085 1308 3105 non
1331 3074 1472 3106 dicitur.
