2648 3533
286 505 375 532 sum
418 495 537 540 esset,
572 496 789 545 postquam
819 506 911 533 cum
953 492 1113 534 Baccho
1141 469 1383 544 graecorum
1411 494 1475 531 est
1502 489 1729 539 confusum,
1756 489 2089 542 angustioribm
2077 485 2289 540 tommo
2311 503 2374 536 ‚cn

284 557 586 608 cumscriptum.
641 557 753 608 (Vini
782 570 944 609 quoque
972 557 1094 598 deum
1109 556 1248 597 Iouem
1264 557 1394 608 primo
1410 555 1603 595 Romanis
1617 553 1742 596 fuisse
1756 547 2125 603 uideriffissontioi
2137 546 2417 605 Mommsen
2463 565 2487 611 ᾗ,
2512 559 2542 570 “

287 620 332 659 R.
362 620 432 659 G⁷
456 621 488 660 I.
522 622 624 672 164).
696 620 743 662 Si
775 619 824 662 τὸ
865 617 1013 671 ἔτυμον
1054 621 1227 662 nominis
1269 619 1405 660 Liberi
1447 618 1607 660 inuenit
1635 616 1876 659 Danielsson
1904 616 2020 660 Stud.
2042 614 2140 660 ital
2166 613 2305 671 Pauli
2306 606 2412 673 IVJ'*
2422 629 2425 633 ⁴
2468 620 2473 625 ”

288 684 362 724 163
390 698 478 737 sqq.
507 689 549 726 et
581 687 668 731 171,
698 686 988 739 interpretatio
1019 685 1237 737 Augustini
1267 684 1333 725 uel
1361 684 1498 736 potius
1527 682 1723 724 Varronis
1750 681 2092 735 eadisputatioue
2104 671 2409 735 confirmatur..
2467 726 2471 729 ,
2518 720 2536 735 Α,

409 749 577 790 Manus
619 750 870 791 adiectiuum
900 753 1066 803 praeter
1096 749 1204 790 locos
1242 749 1295 788 ab
1323 749 1503 800 Georges
1531 747 1629 788 lex.⁷
1658 761 1689 787 s.
1718 761 1757 787 u.
1786 751 2049 789 enumeratos
2076 749 2203 791 etiam
2230 752 2430 806 est-me·—
2466 748 2500 796 33
2528 751 2572 806 '‘=‚
2639 746 2648 755 ²

283 813 494 854 Tibullum
526 815 600 854 ΙΙΙ.
634 818 694 854 11.
726 818 750 855 9
784 828 919 855 mane
948 816 1076 866 geni,
1106 828 1205 866 cape
1235 818 1331 853 tura
1360 813 1491 854 libens
1520 814 1707 864 uotisque
1735 811 1887 852 fausto.
1946 811 2119 853 Plautus
2145 811 2388 854 02⁸.on
2410 850 2422 857 .

284 877 352 917 ”ut
380 882 421 918 te
451 878 601 919 bonus
631 878 903 920 Mercurius
931 878 1101 930 perdaff
1131 878 1253 919 simili
1282 878 1465 930 epitheto
1494 877 1661 918 honoris
1677 889 1800 916 causa
1821 875 1968 916 utitur.
2025 875 2195 919 Ouidius
2210 876 2322 919 Trist
2337 877 2386 919 V.

284 941 320 980 3.
351 941 400 980 35
430 942 506 991 fer,
549 943 675 983 bone
705 943 873 991 Liber,
903 957 1032 995 opem.
1068 943 1163 983 Hor.
1193 942 1236 982 C.
1269 942 1334 981 IV.
1366 943 1402 981 2.
1433 941 1483 981 38
1515 941 1625 981 boni
1656 940 1776 980 diui.
1832 939 1943 980 Pers.
1974 939 2028 980 ΙΙ.
2058 942 2110 980 22
2139 941 2218 983 Pro
2247 941 2384 994 Iuppi·

287 1009 361 1054 ter,
390 1019 413 1045 o
445 1006 565 1047 bone
594 1006 836 1059 hippiter.

1296 1190 1375 1231 III.

1093 1327 1323 1378 Versus
1362 1328 1577 1378 Martii.
1901 1350 1928 1369 ο

1312 1480 1361 1518 a·

1084 1550 1331 1596 Pilumno&
1367 1543 1561 1607 poploe.

389 1685 566 1726 Festus
595 1699 633 1736 p.
664 1687 741 1728 205
772 1684 826 1724 Μ.
884 1686 1137 1728 Pilumnoe
1167 1688 1340 1741 poploe
1374 1689 1416 1728 in
1448 1689 1629 1728 carmine
1658 1686 1811 1727 Saliari
1841 1686 2026 1737 Romani,
2058 1685 2190 1727 ueluti
2204 1685 2302 1737 pilis
2318 1687 2380 1728 uti

279 1750 452 1796 assueti3
482 1748 551 1788 uel
581 1748 679 1798 quia
709 1750 929 1801 praecipue
958 1750 1116 1800 pellant
1151 1752 1299 1791 hostes.

1308 1873 1358 1924 b.

1118 1960 1356 2001 Mamurio
1389 1945 1594 2001 Vrturse.

392 2086 548 2128 Varro
590 2087 640 2128 de
683 2087 727 2127 L.
773 2088 817 2127 L.
851 2087 907 2127 Vl
940 2088 962 2140 ξ
992 2089 1043 2128 49
1075 2112 1119 2117 --
1153 2089 1253 2128 Salii
1284 2090 1391 2141 quod
1421 2094 1592 2130 cantant
1626 2092 1654 2142 †
1683 2093 1902 2132 memurii
1931 2092 1959 2144 ἦ·
1989 2096 2291 2134 ueterum...
2322 2094 2375 2134 si-

281 2151 479 2203 gnificant
508 2152 748 2192 memoriam
779 2152 797 2171 '¹
828 2152 846 2171 *
875 2153 1096 2202 (asteriscos
1126 2154 1235 2202 posui
1264 2159 1418 2191 auctore
1446 2156 1478 2191 A
1507 2156 1569 2204 Sp.
1599 2169 1668 2204 pro
1699 2158 1815 2193 uerbo
1844 2158 1946 2205 quod
1974 2158 2014 2193 in
2043 2158 2073 2195 F
2101 2158 2175 2207 legi
2205 2171 2281 2195 non
2309 2171 2374 2208 po·

279 2216 415 2265 fituit).

382 2278 586 2318 Ouidius
625 2278 689 2318 ΙΙΙ
720 2278 751 2317 F
755 2282 867 2319 astor
896 2280 973 2319 259
1002 2279 1102 2327 Quis
1131 2280 1230 2320 mihi
1261 2295 1368 2321 nuuc
1396 2282 1504 2322 dicet
1533 2296 1660 2334 quare
1690 2283 1884 2324 caelestia
1915 2283 2063 2325 Martis
2091 2298 2208 2326 arma
2235 2285 2373 2326 ferant

279 2343 395 2390 Salii,
426 2343 793 2394 Mamuriumque
822 2347 991 2392 uocant3
1021 2344 1072 2382 cf.
1103 2358 1140 2383 u.
1172 2346 1262 2384 392.

382 2407 564 2447 Paulus
594 2406 723 2446 Festi
754 2421 791 2459 p.
828 2407 897 2447 131
930 2407 1131 2448 Mamuri
1164 2409 1333 2450 Veturi
1365 2413 1434 2462 qui
1463 2413 1634 2462 praemii
1664 2413 1750 2453 loco
1779 2414 1900 2464 petiit
1926 2418 1974 2454 ut
2001 2427 2117 2455 suum
2141 2428 2288 2456 nomen
2311 2417 2371 2456 in-

277 2476 341 2511 ter
371 2471 556 2510 carmina
585 2468 685 2510 Salii
715 2475 923 2512 canerent.
981 2471 1243 2526 Dionysius
1271 2474 1365 2514 Ant.
1398 2475 1511 2515 Rom.
1542 2475 1618 2515 111.
1648 2476 1698 2516 32
1730 2475 1955 2529 Μαμορίου
1982 2474 2094 2525 τινὸς
2113 2477 2368 2533 δημιουργοῦ.

276 2536 398 2576 Iuba
427 2549 497 2609 ap.
529 2535 848 2577 Plutarchum
879 2536 997 2577 Num.
1028 2551 1062 2577 c.
1098 2540 1143 2577 13
1173 2552 1210 2590 p.
1242 2540 1315 2578 135
1346 2553 1403 2591 sq.
1424 2539 1529 2580 Sint.
1586 2536 1883 2593 Οὐετούριον
1910 2541 1961 2582 δὲ
1989 2540 2279 2595 Μαμούριον
2305 2566 2323 2574 -
2354 2567 2370 2574 -
2632 2552 2648 2605 f

274 2597 556 2638 κατασκεάσαι
600 2599 742 2647 πάσας
783 2600 881 2653 (τὰς
928 2600 1101 2652 πέλτας)
1145 2599 1293 2678 ὁμοίας
1335 2627 1368 2632 -
1401 2626 1438 2632 -—
1468 2628 1498 2633 —
1540 2608 1600 2642 τῶ
1642 2602 1687 2643 δὲ
1730 2604 1964 2658 Μάμουρίῳ
2006 2605 2169 2658 λέγουσι
2209 2606 2371 2656 μισθὸν
2624 2632 2648 2665 *c

273 2661 472 2714 γενέσθαι
489 2667 561 2715 τῆς
575 2664 715 2717 τέχνης
729 2661 889 2717 μνήμην
904 2679 997 2703 τινα
1014 2664 1070 2703 δι’
1088 2660 1234 2718 ὥδῇςι
1213 2665 1296 2705 υπὸ
1312 2671 1393 2705 τῶν
1412 2665 1578 2708 ὲαλίων
1593 2666 1679 2718 ἅμα
1699 2673 1750 2722 τῆ
1778 2666 1957 2723 πυρρίχῃ
1983 2669 2367 2724 διαπεραινομένης.
2610 2670 2648 2708 «ξ

275 2723 325 2765 Oc
373 2726 418 2765 δὲ
459 2723 505 2764 οὗ
546 2724 791 2779 Ουετοίριον
832 2728 1088 2779 Μαμούριον
1116 2724 1225 2768 εἶναί
1254 2744 1357 2782 φασι
1389 2730 1460 2769 τὸν
1516 2727 1730 2784 ᾀδόμενον,
1759 2729 1866 2772 ἀλλὰ
1894 2730 2103 2785 Οὖετέρεμ
2122 2733 2368 2787 Μεμορίαμ,
2425 2758 2431 2765 .
2565 2714 2648 2785 ’Ξ

273 2788 382 2842 ὅπερ
409 2787 516 2839 ἐστὶ,
547 2788 734 2830 παλαίαν
760 2781 2648 2915 ganiana-{313

2624 2917 2648 2972 ,Ξ

380 2996 551 3036 Annot.
583 2995 692 3035 crit.
721 3018 775 3026 —-
803 3010 908 3037 3.-
936 2996 1090 3037 Pilum
1102 3011 1185 3038 noe
1202 2998 1374 3050 poploe
1389 2999 1576 3050 antiqua,
1592 3000 1661 3040 sed
1679 3013 1755 3040 non
1771 3002 2056 3053 antiquissima
2070 3003 2277 3055 scriptura
2292 3017 2366 3057 pro

270 3060 474 3111 pilumnoi
506 3059 648 3112 poplo?
677 3061 727 3108 (u.
762 3064 1025 3100 commentar.
1055 3061 1106 3100 ad
1137 3060 1156 3100 1
1185 3074 1214 3100 s.
1246 3075 1284 3101 u.
1317 3062 1516 3111 ’ueueis’);
1545 3066 1696 3103 natura
1723 3066 1831 3104 enim
1860 3067 1980 3106 metri
2010 3067 2122 3117 cogit
2148 3079 2236 3108 esse
2263 3067 2365 3108 haec

270 3125 399 3164 uerba
443 3125 800 3165 terminationibus
843 3125 1068 3178 disyllabis.
1139 3126 1188 3166 In
1217 3126 1407 3166 datiuum
1443 3140 1530 3167 esse
1559 3126 1777 3178 declinata,
1806 3143 1928 3181 quam
1964 3131 2237 3171 coniecturam
2267 3131 2365 3173 fecit
