2648 3533
267 295 379 355 quod
419 300 560 351 Ianus,
592 292 713 354 quasi
754 298 876 340 initia
914 297 1074 339 dierum
1115 271 1331 349 auspicans
1371 299 1415 338 et
1453 309 1480 342 a
1510 293 1730 341 Martiano
1765 261 1843 338 et
1850 297 1910 340 in
1920 288 2111 359 temple

269 365 430 408 cardini
455 362 771 419 septentrionali
799 364 861 405 ita
889 363 1102 417 appositus
1131 364 1193 404 est
1220 363 1269 403 ut
1295 364 1436 404 tamen
1463 363 1570 403 esset
1596 351 1783 414 partium
1804 351 2098 409 omi-lm

376 429 437 472 Ne
479 427 628 470 multa:
672 441 779 469 nunc
820 427 986 470 tandem
1030 426 1218 468 uidemus
1260 425 1359 479 quid
1387 426 1442 468 sit
1468 428 1512 467 et
1540 425 1697 469 bifrons
1722 424 1855 468 Ianus
1880 428 1924 469 et
1933 412 2271 484 Quadrimus.
2274 427 2367 480 Βι-

271 495 417 537 frontis
451 494 626 535 alterum
657 508 701 535 os
725 506 962 534 conuersum
993 495 1086 533 erat
1113 492 1165 532 ad
1196 492 1407 537 orientem,
1436 490 1610 531 alterum
1640 490 1694 531 ad
1722 486 1973 532 occidentem
2000 487 2169 547 soleii.
2185 490 2373 541 Ou‘ld'uia
2402 518 2405 521 <
2439 484 2458 512 ³¹
2484 484 2554 551 Ἦ,

270 559 290 600 1
332 558 491 600 Fastor.
538 557 614 598 139
656 557 751 610 ”ego
795 569 885 609 per
881 555 994 609 picio
1023 555 1211 606 caelestis
1240 555 1393 596 ianitor
1420 553 1540 597 aulae
1568 553 1676 596 ans
1705 556 1845 608 partes
1873 553 2176 610 Hesperiasque
2199 543 2374 601 εἰωὶιὶ“’.’
2517 549 2529 556 ”

270 623 491 674 Procopius
523 622 633 662 Goth
662 621 683 660 I
713 622 776 660 25.
807 620 953 660 Ianum
981 619 1211 667 Geminum,
1240 620 1297 659 sic
1325 618 1536 659 describit:
1566 616 1614 657 τὸ
1643 611 1875 670 αγαλμα-
1897 615 1950 658 τὰ
1976 616 2052 669 μὲν
2079 614 2186 660 ἄλλα
2201 614 2358 664 ’πάντα
2396 617 2399 619 ’

271 684 446 738 ἐμφερὲς
487 682 713 737 ἀνθρώπω,
754 681 1029 732 διπροσωπον
1070 682 1116 721 δὲ
1156 681 1228 735 τὴν
1268 682 1450 735 κεφαλὴν
1491 678 1582 730 ἔχον
1609 680 1679 722 καὶ
1708 684 1782 721 τοῦ
1809 678 2038 735 προσώπου
2064 681 2263 735 θάτερον
2271 680 2379 734 μὲν,
2408 720 2411 721 ⁷

272 748 378 802 πρὸς
420 745 658 798 ἀνίσχοντα,
691 748 739 787 τὸ
786 745 830 786 δὲ
859 744 996 798 ἕτερον
1023 744 1130 798 πρὸς
1157 744 1305 785 <icona
1334 743 1453 797 ἥλιον
1481 744 1736 797 τέθραπται.
1764 742 1892 797 θύραι
1923 744 1969 785 δὲ
1993 745 2148 795 χαλχαῒ
2175 741 2238 799 ἐφ’
2266 743 2358 786 §ua-
2433 788 2439 792 s
2469 794 2471 797 Ι
2541 774 2551 799 3

271 811 377 866 τὲρῳ
405 808 616 864 προςώπῳ
640 807 761 851 εἰσίν.
809 809 1078 859 Quadrifrons
1107 812 1242 849 autem
1275 808 1490 860 spectabat
1517 808 1571 849 ad
1601 808 1741 849 mundi
1769 812 1908 861 partes
1936 813 2147 863 quattuor.
2202 810 2367 854 Gauius,
2425 836 2429 839 ‚
2476 808 2479 810 ’

272 876 423 916 Bassus
466 889 530 927 ap.
576 874 754 914 Macrob.
785 874 806 913 Ι
836 875 955 913 9.13
984 874 1086 913 dicit
1117 874 1262 912 Ianum
1295 873 1617 924 quadriformen
1648 875 1764 923 quasi
1794 874 1989 914 uniuersa
2017 875 2185 916 climata
2215 877 2359 918 maies-

272 943 360 981 tate
388 937 678 990 complexum”.
736 937 1005 986 Quamobrem
1038 950 1128 976 cum
1157 936 1283 977 Ianus
1312 936 1508 978 Geminus
1537 940 1742 977 constaret
1770 941 1812 977 et
1840 950 1890 977 ex
1918 938 2034 990 signo
2063 937 2220 992 bicipiti
2248 943 2291 982 et
2309 954 2359 982 ex

273 1004 445 1057 geminis
486 1004 629 1055 portis,
658 1003 823 1055 capita
852 1002 1209 1054 significarunt
1237 1001 1446 1042 alterum
1476 1001 1714 1042 orientem
1746 1001 1890 1042 solem
1921 1001 1998 1043 uel
2025 1002 2219 1044 initium
2247 1003 2359 1052 dici,

273 1069 482 1109 alterum
506 1067 803 1108 occidentem
824 1067 901 1107 uel
922 1067 1119 1107 initium
1142 1066 1311 1107 noctis.
1345 1065 1401 1105 De
1423 1066 1551 1117 portis
1569 1065 1677 1105 inter
1697 1078 1739 1105 se
1760 1065 1982 1106 cohaerent
2000 1066 2183 1108 rationes
2202 1066 2359 1119 Nigidii

274 1131 408 1182 Figuli
448 1134 491 1187 et
532 1130 654 1170 Gauii
697 1130 810 1169 Bassi
855 1134 896 1170 et
932 1130 1143 1179 Labeonis,
1180 1131 1230 1170 de
1257 1130 1410 1182 quibus
1439 1130 1520 1168 iam
1550 1128 1705 1169 dictum
1734 1132 1809 1177 est,
1838 1142 1943 1181 quae
1973 1129 2050 1170 hac
2078 1130 2358 1183 disputatione

273 1200 413 1246 nostra
447 1195 753 1236 confirmantur.
811 1194 1085 1242 Quadrifrons
1114 1195 1211 1246 quia
1240 1194 1342 1235 nihil
1373 1197 1435 1234 est
1464 1192 1578 1234 aliud
1608 1205 1729 1245 quam
1761 1193 1917 1234 bifrons
1946 1194 2166 1246 bipertitus
2191 1194 2266 1235 uel
2286 1209 2358 1248 po-

269 1261 352 1301 tius
380 1260 499 1312 quasi
528 1259 854 1310 conduplicatus,
883 1272 1008 1299 unum
1038 1262 1162 1312 caput
1191 1258 1398 1311 significat
1427 1258 1552 1299 solem
1582 1258 1828 1299 matutinum
1856 1258 1910 1299 ab
1937 1261 2045 1307 ortu,
2073 1258 2249 1300 alterum
2277 1272 2360 1300 me·
2640 1293 2648 1304 .,

271 1325 460 1364 ridialem
502 1337 527 1363 a
556 1324 736 1370 meridie,
767 1324 934 1363 tertium
966 1324 1242 1374 uespertinum
1275 1323 1327 1362 ab
1356 1336 1513 1365 occasu,
1544 1325 1739 1372 quartum
1768 1334 1866 1362 uero
1894 1325 2020 1374 caput
2048 1322 2172 1363 solem
2200 1322 2251 1363 de
2279 1336 2359 1364 me·
2616 1314 2648 1369 1!

273 1386 342 1427 dia
372 1390 489 1428 nocte
517 1389 618 1427 ante
647 1385 875 1427 diluculum
903 1387 1089 1437 regiones
1118 1387 1220 1427 caeli
1249 1387 1301 1426 ad
1332 1387 1630 1438 septentriones
1657 1390 1959 1438 peragrantem.
2204 1416 2220 1423 -
2558 1380 2562 1383 Δ
2634 1395 2638 1398 ’

378 1450 497 1492 Nunc
532 1450 722 1503 denique,
757 1452 950 1503 quoniam
981 1451 1127 1492 Ianum
1158 1451 1282 1493 solem
1313 1452 1445 1503 primo
1474 1450 1661 1491 habitum
1689 1463 1776 1491 esse
1805 1449 2188 1503 demonstrauimus,
2218 1451 2362 1493 confir-

271 1519 409 1556 matur
452 1515 560 1566 quod
603 1516 721 1556 initio
762 1516 970 1567 posuimus
1002 1517 1177 1568 primum
1214 1516 1328 1556 illum
1359 1528 1539 1556 uersum:
1576 1514 1631 1555 ”O
1659 1514 1777 1556 Zaul
1808 1514 2031 1556 adoriese
2059 1515 2242 1556 omnia”
2269 1519 2362 1557 arte

271 1581 489 1621 cohaerere
523 1593 614 1619 cum
644 1580 837 1629 proximo:
869 1579 1051 1619 ”uerom
1082 1580 1140 1619 ad
1170 1580 1307 1631 patla
1336 1580 1511 1619 coemis
1538 1592 1586 1619 es
1615 1578 1803 1628 Ianeus,
1832 1578 2008 1618 Ianes”.
2039 1577 2150 1629 Ergo
2168 1579 2362 1631 perspici-

272 1647 342 1684 tur
371 1643 439 1684 Sol
469 1640 591 1683 Saliis
620 1643 727 1683 idem
758 1642 883 1684 fuisse
915 1656 962 1684 ac
990 1643 1130 1684 Ianus.

379 1708 458 1748 Sed
487 1713 625 1748 tamen
656 1709 924 1758 Augustinus,
954 1712 1133 1754 auctore,
1163 1712 1209 1748 ut
1238 1708 1414 1755 videtur,
1445 1708 1642 1755 Varrone,
1671 1707 1804 1760 Solem
1835 1707 2054 1757 distinguit
2082 1720 2107 1747 a
2135 1706 2248 1747 Iano.
2279 1706 2362 1747 Au·

273 1771 462 1822 gustinus
492 1770 543 1811 de
572 1769 658 1811 Ciu.
690 1771 763 1811 Dei
792 1771 851 1810 IV
882 1771 933 1811 23
962 1785 1000 1824 p.
1036 1772 1108 1811 173
1139 1771 1281 1812 Domb.
1313 1770 1393 1811 ”Ut
1422 1771 1521 1824 quid
1550 1785 1648 1824 ergo
1677 1772 1891 1812 constituit
1918 1771 2026 1825 (ipse
2045 1770 2264 1824 Romulus)
2284 1770 2364 1812 Ro-

272 1836 406 1876 manis
434 1835 531 1875 deos
560 1835 730 1875 Ianum
759 1834 897 1875 Iouem
930 1835 1103 1876 Martem
1134 1835 1274 1875 Picum
1304 1835 1488 1875 Faunum
1517 1835 1752 1876 Tiberinum
1778 1835 1996 1876 Herculem
2016 1838 2058 1876 et
2078 1836 2215 1886 siquos
2234 1835 2364 1876 alios?

273 1897 331 1938 Ut
373 1898 471 1950 quid
514 1898 631 1939 Titus
674 1898 819 1939 Tatius
862 1899 1026 1939 addidit
1069 1899 1292 1940 Saturnum
1336 1899 1461 1950 Opem
1497 1899 1652 1940 Solem
1685 1900 1841 1940 Lunam
1871 1899 2100 1940 Vulcanum
2130 1900 2294 1948 Lucem,
2321 1904 2364 1940 et

273 1974 539 2014 quoscunque
582 1962 684 2002 alios
727 1962 902 2009 addidit,
937 1963 1045 2003 inter
1088 1977 1189 2015 quos
1231 1963 1355 2004 etiam
1381 1961 1657 2004 Cluacinam''.
1716 1964 1798 2003 Aut
1826 1963 1955 2015 igitur
1984 1963 2063 2004 duo
2091 1962 2258 2004 fuerunt
2286 1963 2365 2005 Ro-

275 2026 406 2066 manis
449 2025 553 2066 Solis
596 2027 777 2076 numina,
820 2019 905 2066 aut¹
937 2027 1040 2067 idem
1073 2027 1140 2068 Sol
1171 2027 1337 2068 Sabinis
1367 2028 1436 2077 qui
1467 2027 1660 2067 Romanis
1688 2029 1827 2076 Ianus;
1856 2030 1903 2068 ut
1931 2028 2001 2078 qui
2030 2028 2224 2068 Romanis
2252 2027 2366 2068 Mars
2567 2066 2575 2075 ,

274 2093 308 2129 is
351 2089 515 2130 Sabinis
558 2089 767 2137 Quirinus,
798 2104 903 2141 quae
932 2091 1040 2131 Iuno
1070 2095 1111 2131 et
1141 2091 1275 2131 Diana
1303 2091 1444 2131 eadem
1476 2091 1603 2130 Luna.
1660 2090 1775 2138 Quod
1805 2090 1854 2130 de
1883 2090 2001 2130 Tatio
2030 2091 2055 2130 1.
2085 2103 2124 2141 q.
2155 2091 2194 2130 d.
2224 2091 2364 2142 Augu·
2609 2088 2645 2132 ’,ζ’

275 2153 420 2201 Stiuas,
450 2153 554 2193 idem
591 2153 719 2193 Varro
748 2154 791 2193 L.
822 2153 863 2193 L.
896 2154 931 2194 V
961 2156 1012 2194 74
1041 2155 1181 2206 paullo
1210 2155 1344 2200 aliter,
1375 2155 1446 2194 ubi
1476 2155 1532 2194 sic
1562 2155 1609 2194 F:
1641 2155 1780 2195 uouit
1807 2154 1897 2206 Opi
1921 2154 2140 2195 Floreue.
2160 2154 2366 2196 dioioiui

275 2216 583 2268 Saturno'que
612 2216 707 2257 Soli
740 2217 901 2258 Lunae
931 2218 1142 2259 Volcano
1161 2222 1207 2259 et
1227 2217 1487 2265 Summano,
1507 2219 1717 2269 itemque
1737 2217 1993 2258 Larundae
2013 2217 2235 2259 Termino
2254 2217 2366 2266 Qui-

273 2280 381 2319 rino
434 2280 695 2321 Vortumno
744 2281 949 2323 Laribus
996 2283 1178 2324 Dianae
1221 2283 1537 2334 Lucinaeque.
1608 2282 1661 2323 Hi
1704 2295 1846 2323 uersus
1888 2281 2065 2323 Enniani
2107 2282 2163 2322 sio
2200 2286 2368 2334 possunt

276 2344 460 2383 restitui:

782 2437 908 2478 Vouit
935 2437 1012 2490 Opi
1042 2438 1182 2480 Flora'i
1213 2422 1382 2483 Vedssui
1413 2439 1672 2492 Saturnoque

784 2501 962 2541 Volcano
992 2501 1075 2543 Soli
1105 2503 1320 2556 Lunaeque
1352 2504 1641 2555 claudamque

783 2565 1002 2608 Summano
1032 2567 1250 2611 Larundae
1280 2571 1469 2612 Termino
1497 2570 1677 2621 itemque
1705 2568 1876 2617 Quirino

783 2630 1011 2671 Vortumno
1043 2631 1215 2673 Laribus
1244 2633 1400 2674 Dianae
1430 2633 1704 2684 Lucinaeque.

386 2771 521 2819 Haupt
551 2770 676 2808 Herm.
706 2771 734 2807 Ι.
765 2770 837 2809 401
871 2789 909 2800 -
939 2770 1075 2819 Opusc.
1105 2773 1160 2808 III
1189 2771 1265 2810 356
1295 2786 1368 2811 ιιοιι
1397 2773 1489 2810 satis
1517 2772 1769 2821 probabiliter
1798 2772 1960 2821 primum
1989 2786 2139 2810 uersum
2169 2774 2221 2811 sic
2250 2761 2365 2822 legit:

279 2850 418 2888 '‘Vouit
453 2851 525 2901 Opi
554 2852 689 2889 Florae
718 2852 836 2889 Vedio
866 2853 946 2890 Ioui
978 2853 1252 2903 Saturnoque’'.
1311 2854 1382 2891 Per
1411 2853 1601 2902 synizesin
1630 2835 1824 2904 ’Vediouiss
1854 2867 1875 2890 a
1902 2854 1971 2892 tali
2001 2853 2098 2892 enim
2128 2867 2219 2892 uoce
2247 2858 2285 2892 et
2312 2854 2368 2892 ita

279 2920 476 2952 contracta
505 2915 756 2963 posteriorum
788 2921 899 2953 natus
929 2922 985 2953 est
1014 2918 1203 2954 'Veiouis'.
1236 2916 1442 2954 ’Larunda'
1470 2921 1513 2954 ut
1541 2919 1682 2955 Auson.
1714 2918 1839 2966 Edyll.
1876 2916 1922 2956 12
1950 2918 1996 2954 de
2025 2918 2082 2954 dis
2111 2917 2136 2956 9
2170 2918 2265 2955 ”Nec
2297 2919 2379 2966 Ges
2603 2924 2648 2958 υθέ

279 2980 364 3017 nius
392 2980 571 3017 domuum
602 2979 782 3016 Larunda
811 2983 1034 3030 progenitus
1063 2983 1169 3020 Lar''.
1201 2983 1343 3020 Addito
1366 2980 1667 3030 ’Cluacinaeque’
1686 2982 1850 3019 lacerum
1868 2994 2020 3019 uersum
2040 2982 2367 3032 resarciui,⁷prop-
2592 2962 2648 3039 ’ζξῗ

279 3048 383 3081 terea
424 3044 527 3092 quod
572 3044 692 3080 Varro
735 3044 826 3093 ipse,
856 3049 899 3082 ut
928 3046 1017 3090 uid„
1046 3059 1106 3094 sp.
1136 3047 1393 3095 Augustinum
1424 3047 1447 3083 l.
1478 3059 1515 3095 q.
1544 3045 1580 3081 d.
1610 3049 1744 3083 auctor
1772 3044 1960 3099 est2illam
1989 3046 2097 3092 deam
2124 3046 2241 3083 fuisse
2268 3046 2370 3084 inter
2578 3035 2648 3115 ..3εέ
