2648 3533
316 335 497 378 Coniect.
525 337 567 377 in
596 337 771 378 Varron.
800 351 838 389 Ρ.
873 336 968 390 189)
994 349 1020 377 a
1046 335 1278 376 ¹'Diniano
1305 334 1462 382 dictum
1489 346 1584 381 essa
1588 286 1734 387 ponit,
1760 293 1817 377 ut
1824 328 2168 401 Vanum&
2206 382 2215 390 Ι,

302 399 390 442 ‘nec
432 400 560 452 multo
594 400 718 442 aliter
752 399 949 443 Claudius
977 399 1204 440 Salmasius
1230 412 1293 452 ap.
1323 398 1501 440 Creuzer
1528 395 1722 450 symbol.
1733 391 1796 440 '11
1810 398 1889 441 879
1906 390 1988 441 ab
1993 395 2100 443 2661.
2120 389 2282 452 thv]

317 463 354 504 si
393 464 455 504 ita
495 464 736 509 mutueris,
779 463 889 515 quod
932 462 1099 515 quidam
1141 462 1363 510 fecerunt‚·
1382 465 1428 502 ιιι
1469 461 1583 502 dicas
1610 461 1758 503 Ianum
1787 461 1876 503 esse
1903 476 1941 504 a
1955 452 2140 514 ‘Diania-
2155 461 2403 516 &memnon

317 529 448 579 magis
489 514 703 579 probabile
746 529 826 567 erit
867 540 991 578 quam
1033 527 1079 566 id
1104 527 1213 577 quod
1242 527 1347 567 dixit
1376 526 1429 566 M.
1460 525 1634 567 Mueller
1668 520 1822 568 Vorles.
1852 527 1874 567 Ι
1902 525 1981 569 485
2009 527 2072 569 ed
2101 520 2226 580 germ.
2254 511 2457 570 landus.
2483 533 2541 584 4.ssss.
2618 578 2623 583 ⁷

316 591 488 631 eundem
532 591 685 631 dictum
715 604 763 631 ac
791 603 868 630 scr.
897 590 1088 642 dyavan
1123 588 1334 642 (caelum).
1390 587 1532 641 Neque
1560 590 1666 630 enim
1695 590 1914 643 quisquam
1940 575 2076 633 adhuc
2103 591 2407 634 demonstrauit
2427 615 2429 617 ·
2451 602 2471 620 τ
2579 614 2593 643 .·.
2623 588 2648 610 ’Ξ

315 656 482 707 praeter
512 653 626 694 dieu·
656 654 807 706 die(u)-
836 653 949 693 dieu·
981 652 1105 692 fuisse
1132 653 1236 692 hanc
1256 653 1488 704 grauiorem
1508 652 1681 693 formam
1701 653 2075 706 indogermanicam
2094 655 2212 695 diau-
2232 654 2386 707 diam)-
2371 648 2425 704 -3‘
2470 661 2474 664 ·

316 716 407 756 Ζάν
439 721 481 757 et
515 714 604 765 Ζάς
633 718 734 757 nihil
763 720 866 757 certi
897 717 1094 764 indicant,
1138 729 1243 766 quae
1272 717 1360 756 iure
1390 716 1553 756 dubites
1582 729 1634 755 an
1663 729 1742 756 non
1770 716 1854 756 sint
1881 716 2131 769 principales
2157 716 2223 767 (de
2250 716 2403 768 quibus
2422 721 2437 725 '⁴
2491 710 2517 726 ”
2555 710 2648 762 33⁵

316 782 364 822 cf.
393 782 441 823 G.
473 782 613 837 Meyer
641 781 711 822 Gr.
740 781 811 822 Gr.
841 781 982 833 §32⁴2
1013 779 1150 831 paullo
1179 779 1300 820 aliter
1327 778 1439 819 Curt.
1476 777 1629 832 Etyma
1660 793 1698 831 p.
1729 779 1836 832 616)
1893 779 2063 825 Corss'en
2106 779 2191 821 Btr.
2235 793 2336 822 zur
2347 779 2402 820 It.
2573 784 2581 799 '

318 844 406 898 Spr.
437 845 476 884 k.
507 859 544 897 p.
575 844 650 884 357
681 843 997 896 probabiliorem
1027 843 1301 882 coniecturam
1332 842 1429 882 fecit
1458 841 1600 882 Ianum
1631 855 1715 882 esse
1744 855 1768 881 a
1797 843 2011 883 'Divano.
2061 843 2140 885 Sed
2168 845 2242 886 hoc
2269 845 2422 896 ipsum>
2506 894 2509 896 Ι

317 922 479 961 quoque
526 913 589 949 est
630 911 844 948 incertum.
901 907 1052 956 Quodsi
1084 907 1210 946 Ianus
1241 907 1371 957 primo
1399 906 1480 945 fuit
1508 905 1717 947 *Divanus
1746 906 1925 947 *Dianas
1954 906 2149 957 *Dianai-i,
2178 908 2313 960 dictus
2340 913 2404 949 est
2476 934 2479 937 -

317 975 435 1026 quasi
478 973 655 1025 fulgens,
698 972 806 1025 quod
849 985 978 1024 aeque
1020 971 1060 1011 in
1104 969 1261 1011 caelum
1305 974 1429 1022 atque
1472 971 1514 1011 in
1550 970 1672 1011 solem
1702 970 1824 1012 cadit.
1879 969 1941 1010 Ex
1970 970 2033 1012 his
2061 971 2191 1023 igitur
2218 985 2325 1025 quae
2351 971 2401 1012 de

318 1037 477 1078 nomine
520 1038 611 1077 Iani
654 1036 865 1088 disputata
909 1040 1005 1075 sunt
1047 1049 1126 1075 non
1169 1035 1288 1074 modo
1339 1035 1440 1074 nihil
1489 1035 1666 1075 efficitur
1716 1049 1788 1075 cur
1830 1035 1954 1075 Ianus
1995 1037 2127 1087 primo
2167 1036 2235 1077 Sol
2277 1037 2402 1078 fuisse

316 1102 523 1149 uideatur,
565 1101 636 1141 sed
679 1102 809 1152 ipsam
853 1101 973 1140 huius
1002 1100 1174 1140 nominis
1201 1099 1399 1149 originem
1429 1113 1515 1140 esse
1544 1100 1755 1140 incertum.
1815 1099 1964 1140 Verum
1998 1097 2207 1142 enimuero
2239 1103 2401 1142 tantum

316 1164 563 1216 profecimus
606 1168 652 1204 ut
695 1164 907 1205 uideamus
951 1177 1094 1205 nomen
1137 1164 1179 1203 in
1223 1176 1346 1203 causa
1383 1176 1460 1203 non
1490 1176 1575 1203 esse
1605 1165 1821 1215 quominus
1850 1164 1979 1204 Ianus
2006 1163 2140 1204 Solem
2171 1165 2402 1215 significare

370 1229 511 1268 tuerit.

317 1241 368 1280 po
422 1292 510 1331 Iam
553 1291 766 1331 uideamus
800 1304 905 1342 quae
941 1304 991 1330 ex
1020 1290 1171 1330 litteris
1200 1303 1246 1330 ac
1275 1291 1548 1330 monumentis
1576 1292 1662 1331 erui
1691 1293 1847 1343 possint
1875 1292 1927 1332 ad
1957 1290 1998 1331 id
2028 1291 2137 1343 quod
2166 1293 2402 1343 quaerimus

315 1355 612 1396 extricandum.

421 1419 509 1467 Quo
540 1419 698 1459 nomine
729 1418 874 1458 Ianum
907 1419 1103 1458 Horatius
1132 1417 1376 1469 appellauit.
1398 1418 1520 1457 ”Iane
1540 1421 1659 1469 pater
1679 1431 1750 1457 seu
1770 1418 2011 1458 Matutine
2032 1418 2226 1458 libentius
2247 1417 2399 1458 audis”.

314 1483 356 1522 id
401 1482 598 1522 Matutini
641 1495 787 1523 nomen
831 1482 898 1521 vix
940 1485 1075 1533 potest
1116 1480 1297 1521 dubitari
1341 1482 1440 1532 quin
1484 1481 1534 1520 de
1575 1482 1731 1521 oriente
1775 1481 1866 1522 Sole
1901 1495 1926 1522 a
1954 1482 2098 1533 priscis
2126 1481 2319 1522 Romanis
2347 1461 2401 1522 sit

314 1550 570 1598 usurpatum.
622 1542 834 1584 Ἀπόλλων
872 1541 1069 1596 Ἐναυρος
1116 1559 1141 1584 a
1182 1543 1351 1584 Graecis
1392 1545 1481 1595 pari
1525 1544 1684 1584 nomine
1726 1545 2009 1594 inuocabatur,
2054 1544 2253 1596 Hesychio
2295 1547 2400 1585 teste

314 1610 381 1661 (cf.
412 1608 562 1660 ἐναίρω
591 1607 714 1662 πρωΐ.
743 1611 907 1661 Κρῆτες
935 1608 1011 1658 Id.)
1044 1612 1085 1649 et
1114 1610 1213 1646 Λπ.
1239 1605 1371 1660 Ἕῷος.

420 1673 609 1714 Gemini
653 1673 761 1713 Iani
805 1685 911 1723 quae
939 1673 1108 1724 propria
1136 1685 1183 1711 ac
1210 1671 1452 1723 principalis
1482 1672 1543 1711 uis
1576 1671 1701 1712 fuisse
1729 1672 1941 1713 uideretur
1970 1673 2152 1713 breuiter
2181 1671 2267 1712 dixi
2296 1685 2334 1723 p.
2363 1673 2400 1721 23

314 1738 364 1777 de
407 1751 453 1777 eo
495 1738 654 1777 nomine
698 1751 789 1776 mox
832 1738 1066 1776 accuratius
1108 1736 1259 1784 dicam3
1302 1735 1443 1775 eadem
1473 1735 1557 1775 fere
1586 1736 1790 1776 sententia
1820 1735 1955 1776 dictus
1984 1738 2047 1775 est
2074 1734 2331 1776 Patulcius
2358 1738 2400 1775 et

313 1799 577 1847 Clusiuius,
619 1799 669 1840 cf.
713 1813 753 1851 p.-
782 1800 828 1842 21
863 1803 903 1838 et
938 1797 1051 1838 Seru.
1081 1799 1133 1839 ad
1163 1798 1262 1839 Aen.
1294 1798 1376 1840 VII
1406 1801 1480 1839 611
1514 1803 1554 1838 et
1583 1799 1718 1852 Bergk
1747 1799 1820 1852 Op.
1851 1800 1872 1838 Ι
1901 1800 1998 1846 484‚·
2027 1799 2080 1839 ad
2109 1799 2400 1839 eandem-Iani

314 1867 561 1916 potestatem
603 1864 782 1915 pertinet
823 1864 1003 1908 laneus,
1046 1863 1156 1912 quod
1198 1868 1258 1903 est
1303 1877 1366 1915 ap.
1410 1863 1581 1903 Paulum
1613 1863 1722 1903 Festi
1753 1878 1789 1914 p.
1824 1858 1916 1911 103;
1945 1863 2002 1902 sic
2031 1862 2156 1902 Ianus
2185 1863 2401 1903 dicebatur

315 1929 432 1978 quasi
475 1928 578 1967 caeli
620 1928 782 1967 ianitor.
839 1926 1024 1976 Itemque
1066 1928 1106 1966 in
1151 1927 1299 1978 hymno
1342 1927 1485 1967 uedico
1528 1927 1564 1966 X
1609 1929 1681 1967 177
1726 1927 1793 1968 Sol
1835 1926 1987 1967 dicitur
2021 1930 2156 1967 custos
2191 1926 2262 1977 qui
2291 1925 2401 1967 ultro

315 1992 502 2043 citroque
531 1995 707 2043 uagetur
736 2005 807 2042 per
837 1991 1018 2032 mundos.
1066 1990 1153 2031 Iam
1183 1989 1373 2041 Nigidius
1401 2005 1466 2044 ap.
1496 1990 1672 2032 Macrob.
1704 1990 1740 2030 S.
1778 1991 1811 2030 I.
1840 1992 1874 2031 9.
1903 1992 1941 2039 6,
1970 1990 2147 2043 Θυραῖον
2175 1994 2217 2030 et
2235 1986 2400 2041 Ἀγυιέα

316 2069 406 2095 cum
451 2055 550 2095 Iano
594 2055 722 2098 latino
766 2055 1021 2105 comparauit
1062 2054 1132 2105 (de
1176 2067 1254 2104 quo
1296 2054 1435 2105 paullo
1478 2054 1771 2113 aliter-Lehrs
1814 2054 1909 2105 Pop.
1940 2053 2051 2093 Aufs.
2082 2067 2120 2105 p.
2155 2054 2259 2104 152).
2316 2052 2400 2093 Nec

314 2118 492 2158 alienum
537 2122 599 2156 est
641 2117 736 2157 illos
778 2118 847 2167 qui
891 2117 1150 2156 uocabantur
1192 2130 1217 2155 a
1257 2115 1426 2155 Graecis
1460 2113 1666 2168 Ἀντὴλιοι
1702 2110 1763 2157 'ad
1805 2118 2151 2168 comparationem
2191 2116 2399 2167 adhibere,

314 2182 412 2234 quia
457 2181 649 2221 videntur
691 2180 814 2220 fuisse
858 2181 976 2230 quasi
1020 2179 1125 2219 Solis
1167 2180 1345 2218 ministri
1388 2179 1591 2231 iidemque
1638 2184 1849 2232 portarum
1892 2181 2113 2232 praesides,
2160 2180 2209 2220 de
2250 2180 2400 2231 quibus

315 2245 539 2297 Hesychius
575 2241 796 2296 Ἀπήλιοι,
839 2245 974 2294 inquit
1015 2241 1113 2281 θεοὶ
1150 2239 1188 2281 οἱ
1228 2241 1310 2293 πρὸ
1352 2247 1431 2281 τῶν
1465 2242 1604 2282 πυλῶν
1633 2241 1851 2295 ἱδρυμένοι,
1882 2248 1924 2284 et
1946 2239 2154 2297 Ἀντήλιος
2181 2240 2204 2283 ὁ
2233 2238 2400 2294 ἀντικρὺ

314 2305 431 2360 ἡλίου
460 2305 672 2360 ἱόρύμένος
699 2306 838 2358 βωμὸς
868 2303 891 2360 ἢ
919 2302 1034 2354 θεός.
1090 2306 1369 2346 Tertullianus
1398 2306 1448 2347 de
1483 2307 1626 2347 Idolol.
1664 2321 1694 2346 c.
1729 2309 1774 2346 15
1805 2307 1971 2348 ”Ianum
2000 2322 2026 2348 a
2054 2309 2177 2348 ianua
2207 2331 2244 2336 -—
2276 2306 2399 2347 etiam

314 2371 423 2423 apud
465 2371 643 2411 Graecos
686 2371 914 2423 Apollinem
957 2373 1146 2423 θυραῖον,
1191 2374 1233 2410 et
1276 2370 1458 2411 Antelios
1487 2371 1706 2411 daemonas
1734 2371 1928 2412 ostiorum
1956 2371 2163 2423 praesides
2191 2369 2399 2423 legimus”.

314 2435 452 2475 Etiam
494 2449 542 2475 ea
584 2435 744 2490 fabula=
770 2449 893 2486 quam
936 2435 987 2476 de
1029 2434 1176 2480 Carna,
1219 2434 1296 2474 dea
1331 2435 1520 2481 cardinis,
1556 2435 1744 2475 narrauit
1772 2434 1942 2476 Ouidius
1970 2435 2077 2475 Fast.
2108 2434 2174 2475 VI.
2207 2435 2277 2475 101
2309 2447 2399 2486 sqq.

314 2498 580 2539 confirmatur
622 2498 797 2549 quodam
842 2499 960 2539 modo
994 2499 1035 2538 id
1065 2500 1173 2550 quod
1203 2501 1412 2552 posuimus
1441 2500 1587 2541 Ianum
1617 2501 1740 2541 fuisse
1769 2501 1887 2541 deum
1917 2506 2126 2554 portarum
2156 2505 2198 2541 et
2226 2499 2399 2541 eundem

314 2563 458 2603 Solem.
515 2562 689 2611 (Carna
718 2577 790 2614 pro
819 2563 1005 2603 *Cardna
1033 2564 1143 2604 dicta
1173 2569 1235 2605 est
1265 2570 1311 2605 ut
1340 2579 1445 2605 urna
1479 2579 1661 2616 quernus
1695 2579 1767 2617 pro
1798 2565 2183 2619 *urcna*quercno;
2203 2565 2398 2606 *carduiSs

314 2630 464 2672 autem,
508 2626 615 2676 quod
658 2630 750 2677 post
791 2627 945 2667 factum
988 2631 1050 2667 est
1093 2627 1311 2673 'cardinis'‚
1354 2629 1380 2668 d
1423 2629 1596 2669 retinuit
1625 2632 1684 2669 ,ιιι
1726 2629 1951 2670 similitudo
1979 2643 2053 2682 per
2086 2629 2397 2671 declinationem

314 2690 516 2730 casualem
561 2690 838 2740 aequabiliter
880 2694 1225 2744 conseruaretur).
1283 2692 1344 2732 Ea
1386 2706 1477 2733 cum
1519 2693 1572 2733 ab
1614 2693 1715 2733 Iano
1748 2697 1971 2742 amaretur,
2000 2706 2091 2734 cum
2119 2706 2210 2733 eum
2239 2692 2397 2744 fallere,

314 2757 361 2793 ut
402 2756 571 2804 ceteros,
615 2753 890 2804 contenderet„
932 2754 1074 2794 oculus
1117 2755 1306 2796 bifrontis
1340 2756 1404 2796 dei
1439 2754 1620 2808 effugere
1649 2757 1899 2808 non-potuit.
1954 2755 2028 2796 Cui
2057 2756 2122 2796 hic
2150 2757 2190 2796 in
2221 2758 2397 2796 mentem

314 2830 393 2858 non
437 2816 551 2856 uenit
593 2815 698 2856 Solis
739 2819 875 2857 omnia
916 2818 1142 2859 intuentis?
1168 2842 1220 2848 -—-
1250 2820 1307 2859 sic
1341 2819 1499 2860 Plinius
1533 2819 1584 2860 H.
1613 2818 1661 2858 N.
1691 2818 1736 2857 II
1769 2820 1815 2858 13
1846 2843 1892 2848 —-
1924 2819 1995 2870 qui
2025 2813 2145 2858 παντ’
2176 2814 2322 2872 ἐφορᾷ,
2350 2822 2398 2859 ut

312 2881 374 2919 ait
402 2882 523 2931 poeta
553 2880 574 2916 λ
611 2881 696 2926 109,
726 2881 795 2930 qui
825 2882 949 2920 etiam
980 2883 1032 2920 ab
1062 2882 1177 2922 Indis
1205 2884 1355 2922 dicitur
1386 2884 1646 2933 vicvacaksas
1674 2883 1771 2934 Rig-
1795 2883 1892 2923 Ved.
1922 2884 1954 2922 I.
1986 2885 2047 2923 50.
2065 2883 2089 2922 2
2117 2882 2252 2923 ”cuius
2279 2882 2397 2922 lumi-

313 2946 382 2985 nis
403 2945 532 2984 aciem
563 2943 727 2994 fugiant
756 2945 899 2986 stellae
929 2950 1138 2997 tamquam
1169 2947 1280 2988 fures
1309 2947 1532 2988 nocturni”.
1578 2946 1776 2987 Similiter
1803 2947 1937 2988 dictus
1965 2949 2028 2988 est
2049 2945 2193 2998 Apollo
2212 2943 2398 2995 ἐπόψιος

313 3006 406 3048 Hes.
465 3006 581 3047 Hanc
622 3005 797 3047 Carnam
840 3009 926 3049 siue
970 3008 1170 3050 Cardeam
1214 3014 1375 3051 ueteres
1417 3025 1496 3052 non
1538 3011 1848 3062 distinguebant
1889 3011 1941 3051 ab
1984 3010 2058 3049 illa
2099 3021 2204 3060 quae
2233 3021 2396 3057 carnem

311 3072 553 3125 uisceraque
596 3072 815 3112 infantium
858 3073 989 3112 aleret
1031 3074 1088 3124 (u.
1139 3073 1295 3113 Preller
1346 3074 1534 3127 Mythol.³
1579 3075 1619 3115 11
1663 3089 1699 3127 p.
1731 3075 1836 3127 237).
1894 3074 1955 3115 Ea
1997 3077 2043 3113 ut
2084 3074 2136 3114 ab
2177 3072 2396 3114 infantium
