2648 3533
101 411 176 464 ψη
197 419 204 424 ”
235 418 377 456 nes
365 407 681 457 neuradanae
690 426 766 471 per
806 409 943 458 omma
959 382 1217 470 praesentia
1254 413 1390 455 latina
1421 393 1615 455 uidentur
1642 414 1847 466 serpsisse.
1900 401 2083 463 Quarum
2110 401 2218 466 quae
2242 412 2354 456 ratio

130 468 185 525 1⁷„
224 491 236 520 ζ
277 465 429 520 fuerit
428 472 496 518 ad
521 476 762 530 primariam
790 476 890 516 -nti
922 478 965 517 et
991 476 1026 516 si
1054 489 1138 529 qua
1163 477 1251 519 alia
1277 477 1457 519 eiusdem
1485 478 1648 528 generis
1674 481 1810 529 potest
1835 478 2038 530 indagari,
2066 472 2120 518 ad
2147 476 2352 530 liquidum
2409 506 2413 509 «

141 538 159 581 f
191 534 223 573 ’Ᾰ-
277 552 361 583 non
391 538 640 597 perductum
681 544 757 582 est.
813 537 903 593 Sed,
946 553 1108 594 quoquo
1149 541 1266 583 modo
1307 555 1372 583 res
1401 555 1441 582 se
1470 541 1606 591 habet,
1636 555 1713 582 non
1742 541 1839 582 licet
1866 541 2015 583 nodum
2044 555 2162 594 quem
2191 541 2353 584 soluere

96 635 108 643 .
155 599 173 628 ²*
276 589 436 647 ratione
463 618 545 646 non
571 605 715 658 possis,
743 606 1026 658 desperatione
1054 619 1256 659 rumpere,
1284 610 1331 647 ut
1358 606 1397 647 id
1430 605 1539 657 quod
1568 618 1593 645 a
1622 605 1779 646 duobus
1807 606 2046 646 auctoribus
2073 606 2253 658 antiquis
2272 618 2352 647 non

277 666 447 711 oBscure
474 669 675 710 traditum
703 670 757 710 sit
783 671 900 722 quasi
929 671 971 710 ui
998 683 1047 711 ac
1075 683 1148 722 per
1176 670 1419 711 calumniam
1449 683 1523 710 sua
1552 670 1646 710 sede
1676 670 1818 721 pellas.

265 729 267 731 ’
382 727 430 772 V.
460 733 496 772 2.
551 731 796 784 Quotquot
837 734 1041 785 ubeique
1082 745 1135 772 sc.
1178 738 1284 773 sunt.
1339 732 1488 773 Omissi
1532 733 1574 772 in
1619 734 1843 773 enuntiatis
1884 733 2071 773 relatiuis
2105 733 2220 773 uerbi
2247 747 2352 774 esse

275 796 461 849 exempla
501 798 625 838 etiam
660 798 699 838 in
736 798 879 850 priscis
907 799 1038 850 poesis
1069 797 1222 838 latinae
1251 797 1523 837 monumentis
1551 797 1729 837 exstant.
1784 796 1957 838 Plautus
1985 797 2025 837 in
2057 796 2355 849 Amphitruone

275 873 315 900 ιι.
344 860 421 900 573
449 855 588 901 Loew'e
616 866 657 902 et
684 860 810 902 Goetz
840 874 1012 913 resque
1042 861 1110 901 uti
1141 860 1274 901 facta
1303 861 1412 910 dico;
1443 874 1479 900 u.
1512 861 1587 898 575
1617 863 1757 911 optas
1786 873 1906 911 quae
1936 861 2079 900 facta.
2137 860 2351 901 Dur-iorem

276 937 374 965 uero
401 924 564 976 ellipsin
593 925 718 966 habet
747 926 821 966 hoc
850 926 1009 977 antiqui
1037 925 1283 976 precationis
1318 925 1508 964 carminis
1542 924 1591 964 de
1620 937 1822 975 augurum
1853 923 1970 965 libris
1999 938 2023 964 a
2053 924 2238 965 Varrone
2268 929 2350 965 tra-

276 988 408 1028 ditum
439 988 483 1028 L.
515 988 557 1028 L.
591 989 635 1029 V.
664 990 714 1029 58
743 989 846 1030 diui
887 990 968 1041 qui
1011 992 1147 1040 potes
1183 989 1250 1038 (sc.
1281 988 1404 1038 estis).
1463 987 1568 1028 Huic
1603 989 1739 1038 generi
1770 988 1987 1029 finitimum
2016 988 2124 1040 quod
2153 988 2351 1029 condicio-

277 1049 381 1094 nalis
423 1053 626 1092 enuntiati
666 1052 811 1104 copula
851 1053 999 1092 omissa
1041 1055 1103 1091 est
1144 1053 1185 1091 in
1228 1052 1302 1090 hoc
1344 1052 1449 1103 legg.
1493 1051 1577 1090 XII
1611 1051 1722 1091 tabb.
1753 1052 1802 1091 fr.
1832 1065 1896 1102 ap.
1925 1050 2030 1092 Gell.
2065 1051 2204 1091 XVII.
2235 1052 2272 1090 2.
2305 1052 2353 1091 10

113 1110 117 1112 ’
161 1145 163 1148 -
209 1170 211 1173 7
275 1115 415 1165 Hertz,
445 1116 494 1156 cf.
525 1116 659 1156 Bruns
687 1115 729 1155 F.
760 1115 794 1154 Ι.
825 1115 892 1155 R.⁸
921 1130 958 1167 p.
992 1117 1057 1156 16:
1113 1115 1233 1155 ”Post
1274 1115 1482 1157 meridiem
1519 1116 1721 1167 praesenti
1751 1116 1861 1156 litem
1891 1116 2081 1157 addicito.
2139 1115 2184 1156 Si
2213 1116 2351 1157 ambo

275 1183 571 1231 praesentes,
601 1180 697 1221 solis
725 1192 892 1219 occasus
919 1193 1107 1231 suprema
1138 1183 1358 1231 tempestas
1385 1179 1507 1218 esto”.

382 1242 579 1282 Deiueis
608 1243 750 1293 scripsi
778 1242 954 1293 uestigia
982 1243 1163 1282 codicum
1195 1247 1373 1292 secutus3
1403 1243 1471 1282 sed
1503 1243 1601 1282 haec
1630 1243 1761 1283 forma
1790 1245 1859 1283 uix
1893 1235 2081 1283 habenda
2114 1248 2177 1283 est
2204 1244 2350 1294 princi-

274 1305 393 1357 palis.
450 1305 584 1345 Primo
627 1305 799 1346 fortasse
841 1305 922 1345 fuit
963 1306 1123 1347 deiuoi
1169 1306 1346 1356 (deiuoe)
1389 1310 1462 1346 aut
1504 1306 1681 1346 deiuos.
1740 1305 1817 1345 Sed
1859 1306 2050 1356 quoniam
2080 1306 2224 1357 ignoro
2252 1306 2351 1357 quid

275 1369 402 1422 fuerit
443 1369 631 1421 primum,
679 1370 808 1409 satius
850 1382 936 1410 esse
979 1369 1078 1409 duxi
1120 1384 1165 1410 eo
1207 1369 1293 1410 loco
1335 1370 1555 1410 consistere
1597 1382 1676 1421 quo
1710 1369 1889 1410 codicum
1919 1370 2097 1422 uestigia
2124 1369 2349 1410 duxissent.

276 1433 323 1473 V.
352 1433 404 1474 ad
434 1446 472 1484 p.
502 1433 607 1484 22*).

932 1689 1009 1731 Ad
1042 1690 1102 1731 fr.
1138 1690 1230 1742 ΠΙ.,
1266 1701 1440 1732 uersus
1473 1691 1693 1732 Martios

381 1799 534 1841 Pilum
546 1814 629 1842 noe
659 1801 831 1853 poploe
860 1816 937 1843 non
969 1806 1104 1855 potest
1133 1805 1385 1845 nominatiuo
1413 1818 1509 1845 casu
1538 1804 1770 1855 pluraliter,
1799 1803 1908 1854 quod
1927 1803 2119 1855 opinatur
2138 1800 2269 1842 Neue²
2292 1801 2347 1840 II.

274 1877 311 1916 p.
333 1864 397 1913 95,
416 1863 570 1904 dictum
598 1877 698 1905 esse.
740 1864 842 1906 Nam
873 1879 923 1906 ex
953 1867 1090 1907 uerbis
1118 1867 1227 1908 Festi
1257 1868 1316 1920 (p.
1337 1868 1413 1907 205
1433 1866 1505 1916 Μ.)
1527 1871 1569 1906 et
1589 1880 1636 1906 ex
1657 1868 1746 1918 ipsa
1766 1880 1809 1906 re
1829 1867 1930 1906 satis
1950 1865 2205 1917 intellegitur
2224 1879 2348 1905 unum

274 1927 353 1967 dici
397 1925 605 1978 popu-lumJ
645 1928 882 1968 Romanum.
939 1930 1027 1970 Afri
1070 1932 1186 1971 senili
1229 1931 1348 1971 latini
1391 1932 1585 1971 sermonis
1626 1935 1761 1971 aetate
1805 1929 2004 1982 populos
2038 1929 2196 1970 eosdem
2225 1933 2349 1980 atque

276 1990 457 2031 homines
498 1991 704 2041 dixerunt,
747 1992 854 2043 quod
897 1993 1076 2033 ostendit
1111 1993 1207 2034 Sittl
1242 1994 1307 2035 die
1335 1994 1415 2034 lok.
1450 1993 1760 2034 Verschiedenh.
1790 2007 1826 2045 p.
1863 1994 1934 2033 108
1963 1992 2112 2044 sq.,‘cf.
2144 1992 2347 2043 Rossberg

274 2053 448 2094 Woelffl.
495 2055 614 2094 Arch.
646 2055 689 2095 V.
725 2057 816 2105 1513
846 2057 1077 2098 Martianus
1105 2059 1182 2097 995
1212 2058 1408 2097 heroum
1438 2057 1633 2109 populis
1663 2070 1735 2108 pro
1765 2058 1931 2098 heroum
1961 2060 2141 2095 caterua.
2197 2055 2346 2095 Tamen

274 2119 306 2158 si
337 2119 428 2169 quis
469 2133 519 2159 ex
562 2133 608 2159 eo
650 2121 824 2160 coniciat
865 2122 1172 2173 antiquissimos
1212 2122 1415 2162 Romanos
1456 2121 1530 2161 hoc
1573 2122 1729 2173 pariter
1758 2121 1918 2170 dixisse,
1951 2133 2093 2160 uereor
2122 2133 2170 2159 ne
2199 2132 2348 2170 magna

274 2182 507 2223 temeritate
536 2182 742 2224 iudicandi
773 2187 896 2235 atque
925 2184 1026 2226 adeo
1055 2186 1254 2226 tarditate
1283 2185 1436 2237 ingenii
1464 2198 1550 2225 esse
1580 2185 1780 2225 uideatur.

380 2252 469 2296 Iam
498 2244 872 2310 uero2pilumnoe
896 2259 1067 2311 poploe
1095 2260 1372 2309 monosyllaba
1397 2261 1685 2300 terminatione
1706 2274 1774 2300 —oe
1793 2273 1881 2299 cum
1904 2264 2031 2298 metro
2053 2257 2246 2297 Saturnio
2267 2270 2346 2296 non

273 2333 374 2373 satis
392 2334 594 2373 conuenit
623 2334 776 2405 Neque
805 2336 911 2375 enim
940 2335 1036 2375 licet
1055 2337 1112 2375 sic
1132 2348 1295 2375 uersum
1318 2334 1528 2374 scandere:
1551 2334 1767 2385 ’pilumnoe
1787 2332 1972 2384 ‘poploe',
1993 2331 2100 2384 quod
2121 2334 2237 2372 muta
2255 2344 2348 2391 cum

273 2396 432 2447 liquida
459 2396 576 2468 liant
604 2410 625 2436 r
653 2398 694 2437 in
723 2399 865 2449 priscis
893 2398 1143 2439 carminibus
1171 2411 1249 2438 non
1278 2398 1434 2438 faciunt
1462 2398 1713 2448 positionem,
1743 2410 1813 2436 nec
1839 2396 1958 2436 facile
1979 2394 2182 2447 pilumnoe
2204 2393 2349 2446 poploe

272 2490 306 2507 v
333 2459 347 2511 Η
377 2460 471 2511 poni
498 2462 644 2511 potuit,
675 2474 748 2500 nec
776 2463 853 2501 ita:
881 2462 1086 2512 pilumnoe
1115 2461 1257 2512 poploe
1287 2461 1301 2513 ΙΙ
1332 2486 1365 2500 υ
1391 2490 1398 2497 .
1429 2491 1437 2498 .
1469 2489 1491 2509 .,
1521 2473 1626 2509 quae
1655 2461 1796 2503 forma
1832 2461 1864 2498 si
1894 2472 2086 2509 umquam
2117 2458 2209 2506 suit,
2238 2458 2348 2509 quod

273 2524 474 2564 incertum
503 2526 576 2570 est,
604 2522 684 2563 fuit
702 2526 916 2574 recentior3
945 2528 1055 2566 certe
1083 2524 1240 2566 nullum
1269 2524 1354 2566 tale
1373 2524 1487 2566 colon
1508 2527 1644 2565 exstat
1663 2525 1770 2564 inter
1790 2527 1947 2564 ceteras
1966 2522 2159 2563 carminis
2179 2521 2351 2564 saliaris

273 2586 469 2639 reliquias
510 2589 658 2648 atque
677 2588 747 2628 uix
788 2588 895 2629 inter
935 2592 1102 2634 ceteros,
1145 2591 1346 2640 quotquot
1380 2588 1611 2641 posteritati
1641 2587 1792 2640 proditi
1822 2591 1948 2633 sunt,
1962 2586 2195 2644 Saturnios;
2223 2587 2350 2627 etiam

273 2652 365 2692 hoc:
396 2675 429 2691 υ
467 2651 672 2703 pilumnoe
713 2636 858 2704 poploe
885 2652 899 2705 Η
929 2684 964 2701 ψ
990 2681 998 2691 .
1028 2653 1260 2693 ..formae
1302 2657 1364 2692 est
1397 2653 1635 2693 recentioris
1664 2666 1711 2692 ac
1740 2652 2019 2698 secundariae,
2048 2653 2164 2692 cuius
2192 2651 2350 2691 nullum

273 2719 336 2756 est
377 2714 607 2767 exemplum
635 2715 743 2756 inter
771 2729 892 2755 carm.
922 2716 1003 2757 Sal.
1031 2716 1240 2767 reliquias,
1269 2720 1315 2756 nt
1343 2729 1421 2756 non
1450 2716 1504 2755 sit
1530 2716 1617 2755 ueri
1648 2716 1778 2756 simile
1808 2716 1882 2756 hoc
1910 2715 2025 2757 colon
2055 2717 2112 2756 sic
2140 2729 2228 2757 esse
2255 2715 2349 2756 feri-

272 2778 435 2821 endum.
490 2779 619 2833 Atqui
661 2779 838 2820 eiusdem
881 2779 958 2821 coli
991 2779 1172 2821 Saturnii
1210 2780 1309 2821 haec
1337 2779 1465 2820 uerba
1495 2779 1712 2831 ’pilumnoe
1743 2779 1898 2833 poploe'
1927 2793 2015 2821 esse
2042 2793 2093 2821 ex
2123 2779 2348 2821 ”allittera·

273 2843 405 2884 tioue’'
434 2847 619 2895 apparet,
648 2844 756 2895 quod
785 2844 826 2884 in
854 2845 1030 2885 editione
1059 2844 1339 2885 Saturniorum
1369 2856 1582 2895 exponam.
2013 2838 2018 2840 ’

311 2928 315 2931 <
377 2906 639 2958 Relinquitur
666 2920 764 2959 ergo
792 2909 839 2947 ut
866 2908 923 2948 sic
952 2907 1162 2948 feriamus:
1190 2905 1394 2959 pilumnoe
1424 2905 1566 2959 poploe
1595 2910 1669 2946 aut
1698 2907 1770 2946 sic:
1806 2906 2013 2958 pilumnoe
2034 2906 2187 2959 popl6e.
2232 2907 2351 2947 Illius
2414 2952 2421 2958 ,

273 2971 574 3012 terminationis
602 2973 668 3012 -oe
697 2971 923 3024 disyllabae
951 2977 994 3013 et
1023 2972 1137 3013 breui
1166 2971 1313 3012 ultima
1341 2970 1574 3012 inueniendi
1610 2970 1718 3010 ratio
1752 2969 1866 3011 nulla
1900 2975 1963 3011 est
1991 2984 2121 3023 neque
2150 2974 2190 3011 in
2219 2971 2351 3011 latina

240 3058 243 3060 ·
273 3034 418 3087 lingua
446 3048 578 3086 neque
607 3036 650 3075 in
677 3035 873 3087 cognatis.
