2648 3533
1011 957 1474 1032 Excursus
1504 959 1600 1032 II.

919 1102 996 1142 An
1029 1102 1323 1142 credendum
1356 1103 1424 1142 sit
1457 1103 1706 1153 Macrohio

632 1203 803 1244 Ianum
836 1204 886 1244 in
908 1204 1121 1244 carmine
1155 1203 1330 1245 Saliari
1362 1203 1475 1245 dici:
1512 1203 1700 1250 ’'deum,
1716 1204 1958 1246 deorum”.

365 1321 482 1370 Quod
527 1325 599 1370 est,
618 1322 728 1375 apud
760 1321 1015 1363 Macrobium
1046 1322 1083 1363 S.
1115 1322 1146 1362 Ι.
1176 1323 1210 1362 9.
1247 1323 1292 1362 14
1322 1322 1470 1363 Ianus
1503 1346 1537 1352 —
1570 1321 1812 1364 Saliorum
1845 1337 2033 1378 quoque
2063 1324 2348 1378 antiquissi-

256 1387 346 1427 mis
374 1387 673 1428 carminibus
702 1387 900 1427 deorum
931 1388 1049 1428 deus
1078 1388 1275 1426 canitur
1305 1392 1347 1427 et
1374 1388 1397 1438 ξ
1431 1388 1476 1425 16
1497 1387 1682 1438 (Ianum)
1699 1393 1886 1439 patrem
1915 1390 2194 1442 (inuocamus)
2208 1389 2349 1441 quasi

257 1450 393 1491 deum
424 1450 638 1499 deorum,
670 1451 711 1492 id
741 1465 831 1493 cum
862 1451 933 1492 illo
961 1465 1084 1493 uersu
1114 1450 1265 1492 Saliari
1295 1450 1344 1498 ”†
1373 1451 1533 1492 diuum
1563 1450 1694 1501 †de0
1722 1452 2079 1504 †supplicante”
2107 1453 2168 1493 ita
2186 1465 2348 1504 compa-

256 1515 342 1554 rari
385 1515 490 1554 solet
532 1519 580 1555 ut
607 1515 659 1554 ad
689 1515 902 1556 lectionem
932 1519 974 1556 et
1002 1513 1384 1566 interpretationem
1413 1514 1502 1554 eius
1529 1527 1672 1554 uersus
1703 1515 1878 1556 multum
1907 1516 2114 1568 pertinere
2143 1515 2348 1557 uideatur.

257 1577 341 1620 Nos
369 1581 520 1619 autem‘
541 1579 599 1620 sic
628 1580 862 1620 statuimus:
893 1580 968 1619 hoc
998 1579 1181 1619 Macrobi
1211 1579 1244 1618 si
1274 1578 1454 1618 refertur
1483 1579 1535 1618 ad
1565 1591 1727 1618 uersum
1758 1579 1873 1619 illum
1903 1579 2115 1625 Saliarem,
2145 1577 2255 1630 quod
2278 1591 2347 1618 no-

258 1642 320 1682 bis
349 1655 511 1695 quoque
540 1643 789 1684 uerisimile
818 1642 951 1684 uideri
980 1657 1019 1695 p.
1051 1644 1086 1683 5.
1118 1643 1450 1695 significauimus‚
1481 1643 1520 1683 in
1551 1656 1689 1685 errore
1705 1646 1882 1696 positum
1898 1657 1983 1685 esse
2000 1648 2042 1684 et
2057 1643 2219 1694 legendi
2233 1646 2276 1684 et
2289 1643 2348 1683 in-

257 1707 528 1758 terpretandi.
560 1731 608 1737 —
626 1707 683 1748 Ut
711 1709 842 1760 igitur
870 1708 923 1748 ab
952 1708 1125 1749 lectione
1154 1708 1376 1753 ordiamur,
1394 1707 1522 1748 uerba
1537 1708 1638 1759 ipsa,
1654 1708 1739 1749 siue
1756 1708 1887 1749 'deum
1904 1707 2188 1750 deorum’siue
2215 1706 2349 1748 'deum

255 1769 344 1810 deo’
373 1771 471 1818 siue,
501 1772 609 1825 quod
640 1773 756 1812 libris
786 1772 1056 1812 Varronianis
1084 1772 1286 1813 traditum
1314 1776 1390 1818 est,
1420 1771 1573 1813 ’diuum
1601 1772 1690 1813 deo'
1719 1771 1844 1825 legas,
1861 1773 2091 1814 recentiora
2106 1774 2203 1812 sunt
2223 1783 2347 1823 quam

256 1840 303 1875 ut
344 1836 387 1875 in
430 1838 611 1878 carmine
653 1835 805 1877 Saliari
838 1849 982 1876 uerum
1012 1837 1142 1877 locum
1174 1835 1326 1876 habere
1354 1834 1523 1887 possint.
1581 1836 1697 1884 Quod
1726 1833 1965 1876 enim‘dioit
1997 1836 2128 1876 Varro
2156 1849 2222 1886 ap.
2251 1834 2344 1875 Ser-

257 1899 370 1940 uium
399 1900 450 1940 ad
482 1900 604 1952 Verg.
636 1901 734 1941 Aen.
763 1899 845 1940 XII
878 1899 951 1939 139
980 1901 1172 1952 antiquos
1199 1913 1278 1940 non
1293 1899 1443 1941 dixisse
1459 1899 1672 1946 deos,sed
1693 1899 1848 1940 diuos:
1878 1899 1966 1940 ”Ita
1981 1898 2256 1951 respondeant
2272 1911 2346 1939 cur

258 1964 401 2004 dicant
445 1964 543 2004 deos
585 1977 675 2004 cum
710 1977 849 2004 omnes
877 1964 1039 2016 antiqui
1069 1964 1242 2004 dixirint
1271 1964 1451 2012 diuos”,
1480 1963 1523 2003 id
1551 1963 1727 2003 maxime
1755 1963 2024 2015 comprobant
2059 1961 2348 2015 antiquissima

259 2039 446 2079 quaeque
475 2027 695 2068 titulorum
726 2031 1002 2068 monumenta.
1059 2026 1224 2067 Scilicet
1240 2027 1371 2067 Varro
1401 2027 1563 2068 deiuos
1591 2028 1738 2068 deuos
1766 2028 2003 2078 diuosque
2031 2041 2114 2068 una
2127 2039 2226 2068 uoce
2242 2039 2350 2067 com-

259 2091 493 2143 prehendit3
524 2091 631 2144 quod
663 2091 927 2139 iure-fecerit
958 2105 1081 2132 necne
1111 2091 1212 2132 nihil
1241 2092 1392 2132 attinet
1422 2092 1496 2132 hoc
1525 2091 1611 2132 loco
1640 2105 1849 2144 quaerere.
1910 2091 2038 2132 Tituli
2071 2091 2099 2131 V
2130 2095 2173 2131 et
2190 2090 2245 2130 VI
2260 2104 2348 2131 sae·
2373 2095 2388 2143 J

259 2155 351 2196 culo
391 2157 535 2207 scripti
578 2156 732 2196 habent
761 2152 876 2196 haec:
908 2156 1075 2196 deiuos
1105 2156 1170 2195 tit.
1199 2155 1388 2201 ”Dueni”‚
1420 2156 1564 2196 deiua
1591 2155 1679 2195 CIL
1707 2155 1726 2195 Ι
1758 2157 1843 2203 175,
1873 2155 2030 2197 deiuis
2060 2155 2145 2196 dat.
2174 2154 2281 2206 plur.
2310 2154 2345 2195 I,

264 2221 349 2269 178,
380 2220 529 2261 denas
557 2219 640 2260 dat.
673 2220 726 2271 pl.
757 2219 784 2259 f.
814 2220 833 2260 I
864 2222 981 2269 18143
1011 2221 1156 2260 harum
1188 2220 1318 2271 igitur
1346 2221 1496 2272 stirpes
1511 2219 1643 2260 deiu-
1665 2219 1790 2268 deu·;
1818 2220 1916 2261 illae
1945 2223 2090 2261 autem
2108 2218 2262 2260 formae
2276 2218 2348 2258 di-

257 2282 337 2323 de·
380 2283 630 2324 exstiterunt
662 2283 739 2323 VII
768 2283 931 2323 demum
960 2287 1002 2323 et
1032 2282 1132 2322 VIII
1162 2282 1347 2323 saeculis:
1377 2282 1455 2323 dio
1482 2281 1526 2323 C.
1542 2283 1575 2324 Ι.
1592 2284 1638 2324 L.
1654 2283 1685 2323 Ι.
1720 2284 1885 2334 1426(?),
1915 2282 2003 2324 dea
2032 2283 2051 2324 I
2084 2284 2200 2330 1174,
2229 2282 2346 2323 deae

257 2360 349 2399 gen.
382 2348 499 2396 1279,
541 2347 624 2387 dat.
664 2337 774 2386 1179'.
804 2371 859 2378 ——
888 2347 943 2387 At
971 2348 1077 2388 enim
1107 2347 1282 2387 fortasse
1312 2347 1442 2398 primo
1471 2348 1527 2388 sic
1556 2347 1839 2389 fuit2diu0m
1869 2348 1994 2389 diuo.
2054 2348 2110 2388 At
2139 2360 2212 2387 cur
2232 2345 2348 2387 diuo
2403 2390 2409 2395 χ

255 2424 305 2452 ea
334 2411 634 2463 significatione
663 2411 704 2450 in
733 2412 913 2451 carmine
944 2410 1093 2451 Saliari
1128 2411 1221 2462 poni
1239 2424 1316 2451 non
1332 2411 1451 2451 facile
1467 2412 1661 2463 potuerit,
1680 2425 1719 2464 p.
1735 2412 1780 2452 31
1801 2412 1955 2452 dictum
1971 2414 2046 2452 est.
2083 2407 2141 2451 Ac
2156 2424 2205 2451 ne
2222 2409 2347 2451 Deec·

258 2475 325 2514 kio
367 2474 533 2525 quidem
576 2474 775 2514 assentior
818 2474 926 2526 quod
962 2474 1064 2514 dicit
1102 2474 1147 2514 E.
1178 2475 1222 2513 F.
1253 2474 1310 2514 IV
1341 2476 1389 2513 ‘26
1420 2478 1461 2515 et
1491 2474 1541 2513 33
1570 2475 1717 2515 Ianum
1748 2489 1773 2515 a
1801 2474 1924 2515 Saliis
1957 2475 2023 2515 hic
2057 2474 2137 2515 dici
2171 2474 2348 2515 ”diuom

257 2538 427 2584 dium”,
458 2541 506 2577 ut
532 2537 585 2577 ab
615 2538 839 2578 Arualibus
868 2538 995 2578 Deam
1025 2538 1157 2588 Diam,
1188 2551 1260 2578 nec
1291 2538 1426 2591 legere
1462 2540 1558 2580 licet
1587 2539 1776 2580 deiuom
1806 2539 1965 2589 deiuo3
1994 2539 2094 2580 haec
2128 2539 2235 2580 enim
2268 2551 2349 2580 om-

258 2603 340 2646 nia,
384 2606 426 2643 et
467 2602 625 2643 diuom
669 2603 796 2643 dium
838 2606 880 2643 et
908 2603 1098 2657 deiuom
1127 2602 1269 2643 deiuo
1297 2607 1340 2643 et
1368 2603 1522 2643 diuom
1551 2604 1665 2643 diuo
1701 2604 1821 2642 metri
1849 2616 1974 2643 causa
2003 2603 2210 2643 reicienda
2238 2605 2347 2647 sunt,

258 2667 370 2717 quod
400 2670 577 2708 metrum
606 2665 821 2708 Satunium
852 2667 1050 2707 abhorret
1076 2681 1102 2707 a
1130 2666 1204 2707 tali
1234 2679 1374 2707 uersu:

1024 2768 1171 2810 Diuom
1202 2768 1313 2810 d'ium
1349 2769 1590 2823 supplicate.

366 2867 488 2906 quem
531 2853 749 2905 quinquies
791 2854 905 2893 feriri
948 2857 1124 2905 oportet,
1166 2867 1256 2893 cum
1299 2858 1437 2894 cetera
1471 2853 1560 2893 cola
1590 2852 1784 2893 Saturnia
1812 2853 2003 2892 carminis
2033 2851 2208 2893 Saliaris
2238 2852 2377 2894 nullo<

258 2918 437 2969 negotio,
481 2921 528 2957 ut
570 2916 732 2968 reliqua
773 2917 864 2957 cola
907 2916 1119 2965 Saturnia,
1161 2921 1309 2968 quater
1343 2918 1549 2957 feriantur
1577 2917 1630 2956 ad
1660 2916 1764 2956 hanc
1795 2917 1977 2957 formam:
2007 2916 2162 2956 mallim
2190 2916 2349 2963 dabunt

260 2981 432 3031 Metelli,
448 2981 558 3033 quod
588 2981 779 3032 quoniam
810 2982 980 3022 ultimus
1008 2982 1049 3021 in
1079 2980 1226 3021 ultima
1255 2981 1415 3033 syllaba
1444 2981 1550 3020 ictus
1579 2994 1737 3033 semper
1765 2979 1849 3029 ests
1868 2984 1915 3021 ut
1943 2994 2022 3021 non
2049 2994 2150 3033 opus
2178 2982 2233 3021 sit
2251 2994 2346 3021 eum

1100 3035 1156 3050 Α

258 3057 428 3108 signari,
457 3069 583 3108 supra
611 3057 670 3097 sic
700 3057 854 3108 scripsi:
873 3055 1032 3097 deiuom
1054 3055 1180 3096 deous
1208 3055 1448 3107 supplicate.
1505 3053 1560 3094 Et
1588 3055 1687 3095 haec
1716 3055 1880 3107 quidem
1908 3055 1958 3095 de
1987 3054 2137 3095 uerbis.
