2648 3533
520 601 581 638 -3
608 600 667 641 an
708 585 976 641 imperatoria
1003 568 1140 630 aetate
1169 602 1194 630 a
1221 567 1395 631 librario
1422 588 1554 646 minus
1582 588 1745 629 erudito
1773 592 1816 630 et
1842 589 2035 631 licentiae
2061 589 2260 639 sermonis
2287 588 2379 630 nul-

64 642 77 657 ’
192 624 197 626 -
225 631 228 634 ⁴
259 650 263 653 ’
300 653 429 708 gnua
436 640 481 694 in
509 650 724 695 scribendo
749 651 991 702 indulgente
1017 664 1091 691 -s
1117 651 1265 692 omissa
1293 652 1347 691 sit
1378 673 1423 680 -
1455 650 1569 691 cuius
1598 652 1659 690 rei
1687 652 1876 703 exempla
1904 655 2000 692 sunt
2027 665 2093 704 ap.
2121 651 2380 693 Schuchardt

258 721 263 725 “
299 709 402 764 Voc.
413 714 468 756 11.
483 715 550 764 44·
591 714 670 756 388
702 727 791 767 sqq.
833 718 876 755 et
903 728 968 767 ap.
996 714 1212 756 Seelmann
1239 715 1290 756 de
1318 714 1471 767 appell.
1499 728 1538 754 ιι.
1569 714 1643 754 lat.
1670 728 1709 766 p.
1739 715 1815 755 362
1843 729 1909 764 -;
1937 729 1991 756 an
2019 716 2061 756 in
2089 716 2164 757 hoc
2192 714 2377 767 exemplo

140 810 152 819 .
238 792 242 796 ·
298 767 435 823 exstet
474 779 610 833 prisca
649 778 724 819 illa
749 791 824 819 —s
852 777 1018 819 finalem
1045 777 1285 831 neglegendi
1313 778 1493 819 licentia.
1567 777 1672 816 Nam
1702 779 1741 817 in
1770 791 1815 817 eo
1843 778 2067 830 exemplari
2096 792 2219 819 carm.
2248 778 2378 818 Salia·

243 831 247 834 ’
277 828 359 884 *ris
398 843 510 896 quod
551 846 648 884 ante
689 842 816 884 oculis
859 843 940 883 fuit
981 843 1170 894 Varroni,
1197 856 1284 883 esse
1312 843 1447 893 potuit
1476 843 1614 883 ueuei
1644 856 1718 894 pro
1746 843 1926 883 ueueis.
1986 842 2108 883 Velut
2134 859 2273 882 svnm
2303 856 2392 907 pro¹

293 908 457 948 ‘sunm
483 904 630 949 CILI.
661 906 763 947 1297
781 905 1289 961 ProtogenesCloulLi]
1318 907 1485 948 suauei
1513 906 1639 956 heic,
1667 907 1729 955 ei,
1749 908 1901 947 situst
1921 907 2110 956 mimus;
2139 907 2252 959 prior
2270 907 2377 947 enim

288 983 438 1022 »versus
466 973 513 1011 ut
540 970 617 1011 fiat
637 970 884 1011 'hexameter
912 971 970 1010 sic
997 974 1060 1011 est
1087 971 1334 1019 recitandus,
1362 971 1507 1011 addita
1531 985 1606 1010 -s
1634 971 1686 1011 ad
1716 972 1903 1018 suauei,
1931 971 1982 1011 de
2010 972 2163 1015 situst
2192 975 2329 1012 autem
2357 984 2376 1010 s

298 1037 341 1077 et
382 1038 402 1076 t
446 1035 642 1078 extremis
670 1034 861 1076 sublatis:
890 1034 1195 1087 Protogenes
1223 1034 1385 1077 Clouli
1415 1036 1612 1076 suaveis
1641 1034 1766 1084 heic,
1794 1035 1855 1082 ei,
1885 1034 2004 1076 situ’
2033 1035 2215 1076 mimus.
2269 1034 2376 1076 Item

298 1096 407 1140 xova'r
448 1111 523 1151 pro
564 1112 690 1138 iovms
730 1099 772 1138 in
815 1098 978 1150 speculo
1021 1101 1096 1139 etr.
1139 1098 1229 1139 CIL
1271 1099 1290 1138 I
1333 1100 1382 1139 56
1427 1099 1586 1139 Ritschl
1614 1099 1687 1151 Op.
1718 1099 1777 1139 IV
1810 1101 1897 1139 110.
1971 1115 2083 1146 ovem
2126 1113 2199 1151 pro
2241 1115 2375 1146 qums

274 1155 339 1203 >in
367 1166 530 1205 uetusto
557 1166 599 1203 et
627 1162 794 1203 horrido
822 1175 945 1203 uersu
972 1162 1086 1202 tituli
1117 1163 1265 1202 Falisci
1293 1162 1334 1202 C.
1365 1163 1398 1203 Ι.
1415 1163 1460 1202 L.
1490 1163 1604 1202 1979
1635 1162 1815 1213 Cuquei
1845 1164 1935 1203 huc
1963 1164 2204 1203 dederunt
2231 1165 2375 1214 impe·

296 1226 553 1268 tatoribus
580 1222 799 1274 summis,·
825 1226 897 1277 qui
925 1225 1091 1281 uidetur
1118 1240 1205 1267 esse
1233 1229 1474 1268 tetrameter
1495 1226 1736 1267 bacchiacus
1756 1231 1796 1267 et
1811 1226 2133 1268 sic'recitandus:
2162 1226 2375 1278 Ququeis

297 1284 388 1337 huc
415 1289 656 1331 dederunt
684 1287 1065 1342 imperatoribus
1084 1290 1292 1330 summis.
1325 1290 1730 1343 (Imperatoribus
1745 1291 1926 1342 quinque
1942 1290 2207 1344 syllabarum,
2227 1290 2335 1343 quod
2352 1304 2375 1331 e

295 1355 356 1410 ita
383 1354 548 1396 delituit
575 1357 623 1395 ut
650 1354 692 1395 in
719 1353 824 1406 pael.
854 1356 1119 1407 empratois
1141 1361 1181 1395 et
1196 1354 1674 1406 osc.embratur;quid
1690 1354 1797 1406 quod
1819 1354 2173 1407 quadrisyllabum
2204 1355 2373 1406 impra-

295 1418 468 1460 torbus
497 1418 634 1471 legere
664 1418 758 1459 licet
786 1419 799 1458 i
828 1418 961 1460 media
989 1420 1147 1471 pariter
1175 1422 1393 1472 suppressa
1421 1423 1546 1472 atque
1576 1419 1867 1460 senatorbus
1895 1419 1934 1459 S.
1964 1432 1997 1459 c.
2027 1419 2077 1460 de
2106 1418 2201 1459 Bac.
2231 1418 2261 1458 Ι.
2299 1419 2373 1458 196

295 1495 335 1523 ιι.
364 1483 400 1522 6.
458 1511 467 1521 .
739 1478 1008 1534 promerios
1048 1496 1210 1536 prome
1254 1483 1384 1537 dius]
1413 1484 1575 1535 scripsi:
1618 1483 1882 1536 promelios
1912 1483 2066 1536 V(ind.)
2096 1483 2223 1535 b(as.)
2252 1496 2372 1535 pom.

230 1585 232 1588 ,
294 1547 412 1589 elios
441 1546 484 1593 F;
514 1547 585 1587 ubi
613 1560 735 1599 pom·
764 1551 806 1587 et
827 1561 975 1599 prom·
998 1551 1093 1588 sunt
1108 1548 1290 1598 confusa3
1307 1548 1355 1588 cf.
1371 1548 1705 1601 p(r)omerium
1733 1549 1775 1589 in
1790 1548 1863 1588 rel.
1880 1552 1977 1589 scot.
1998 1548 2070 1587 lat.
2092 1547 2372 1596 cod.1uxemb‚

295 1611 346 1654 de
374 1624 457 1664 quo
483 1610 704 1652 stowasser
731 1610 847 1653 stud.
878 1611 996 1654 Vind.
1024 1611 1095 1652 IX.
1125 1612 1160 1651 2.
1191 1611 1243 1651 34
1270 1625 1356 1665 sqq.
1416 1612 1553 1653 Verba
1574 1626 1673 1654 uera
1692 1612 1856 1653 restitui
1876 1625 1927 1653 ex
1947 1611 2085 1652 uerbis
2105 1611 2215 1652 Festi
2234 1625 2271 1663 p.
2295 1612 2371 1652 205

294 1676 349 1717 Μ.
391 1676 664 1728 promerion
703 1677 1001 1728 promedium
1046 1688 1172 1727 supra
1199 1676 1356 1725 allatis3
1385 1689 1435 1716 ex
1464 1690 1544 1728 quo
1588 1678 1674 1717 loco
1719 1677 1882 1717 Festino
1910 1680 2084 1728 apparet
2112 1680 2154 1716 et
2181 1688 2370 1728 prome-

294 1741 393 1782 rios
432 1743 496 1781 et.
519 1741 791 1791 promediu's
820 1741 886 1782 hic
914 1740 1056 1781 fuisse:
1102 1740 1736 1782 PROMERIOSPROMEDIVS.
1793 1741 1903 1790 Quas
1934 1741 2073 1781 uarias
2101 1754 2188 1782 esse
2216 1741 2369 1782 formas

294 1804 479 1846 lectionis
521 1805 690 1846 Verrius
736 1805 911 1846 fortasse
939 1805 1129 1857 opinatus
1159 1809 1232 1845 est.
1289 1807 1326 1845 Is
1354 1818 1444 1846 cum
1473 1819 1524 1846 ex
1553 1806 1742 1847 doctrina
1771 1806 1968 1845 Varronis
1996 1818 2076 1845 non
2103 1804 2295 1857 pendeat,
2324 1808 2371 1844 ut

293 1869 628 1910 demonstrarunt
668 1870 696 1906 C
724 1869 758 1908 O
799 1868 971 1909 Mueller
1013 1869 1143 1921 praef.
1198 1869 1309 1909 Festi
1351 1883 1388 1920 p.
1432 1869 1610 1922 XXIXs)
1652 1875 1693 1910 et
1720 1869 1957 1920 Nettleship
1986 1868 2102 1909 Stud.
2131 1869 2249 1909 latin.
2277 1868 2371 1920 (Es-

292 1945 397 1986 says,
439 1931 529 1975 Oxf.
574 1933 697 1986 1885)
738 1947 775 1985 p.
823 1933 901 1974 212
931 1946 1006 1985 sq„
1034 1933 1211 1974 forsitan
1237 1933 1323 1986 ipse
1353 1933 1419 1974 uel
1448 1934 1584 1986 potius
1612 1934 1699 1974 eius
1726 1937 1871 1974 auctor
1899 1932 2015 1973 aliud
2044 1931 2253 1985 exemplar
2282 1946 2370 1973 car·

292 1997 427 2038 missis
455 1996 625 2038 Saliaris
652 2010 701 2038 ac
730 1998 861 2039 Varro
889 1997 1077 2049 legerit32
1111 1997 1186 2038 hoc
1209 1997 1295 2038 ⁷’vel
1323 1998 1460 2049 potius
1487 1998 1574 2037 eius
1602 1996 1767 2042 auctor”
1796 2000 2013 2049 propterea
2029 1996 2171 2036 addidi
2187 1997 2295 2048 quod
2310 2001 2372 2036 est

293 2062 401 2113 quod
429 2062 611 2113 suspicer
645 2062 832 2102 Verrium
860 2061 1018 2110 nonde
1046 2062 1134 2113 ipso
1163 2061 1311 2101 Saliari
1339 2063 1520 2102 carmine
1549 2062 1619 2101 sed
1647 2061 1696 2101 de
1725 2061 2026 2101 commentariis
2046 2060 2150 2100 Aelii
2165 2064 2207 2100 et
2221 2059 2370 2100 Cloatii

292 2130 335 2167 et
360 2124 490 2166 Cincii
519 2125 674 2177 glossas
701 2125 755 2166 ad
785 2125 860 2167 hoc
888 2139 1052 2166 carmen
1080 2125 1335 2177 pertinentes
1363 2126 1592 2177 sumpsisse.
1648 2124 1707 2166 cf.
1738 2124 1849 2166 Festi
1880 2127 2017 2165 annot.
2046 2137 2076 2164 s.
2109 2137 2148 2163 u.
2165 2123 2369 2165 Manuos

291 2192 334 2230 et
363 2187 628 2230 Molucrum
658 2192 700 2230 et
728 2189 896 2230 Pescia
924 2193 966 2230 et
994 2188 1155 2230 Salias
1182 2189 1415 2241 uirgines.
1471 2188 1548 2230 Sed
1579 2190 1666 2229 ueri
1695 2189 1826 2229 simile
1845 2192 1908 2228 est
1928 2188 2150 2228 Varronem
2166 2189 2297 2239 ipsum
2318 2211 2369 2216 —

291 2266 386 2294 nam
416 2267 459 2294 se
487 2249 567 2295 non
595 2253 714 2295 modo
742 2254 848 2294 Aelii
877 2254 1065 2306 magistri
1094 2254 1221 2306 copiis
1248 2268 1380 2302 usum,
1408 2254 1478 2295 sed
1507 2255 1630 2295 etiam
1663 2255 1795 2306 ipsum
1825 2254 1898 2294 hoc
1926 2265 2089 2293 carmen
2118 2252 2276 2304 legisse,
2306 2253 2368 2291 ui-

290 2317 413 2360 detur
439 2316 619 2359 indicare
649 2317 741 2358 VII.
770 2318 820 2359 de
848 2317 947 2370 ling.
983 2318 1056 2359 lat.
1085 2318 1108 2371 ξ
1136 2319 1161 2359 2
1189 2342 1241 2347 -
1269 2318 1376 2359 idem
1404 2318 1561 2371 legisse'
1577 2319 1877 2371 scripsisseque.
1925 2315 2021 2356 Cod.
2051 2316 2156 2356 enim
2186 2315 2231 2362 F,
2259 2315 2367 2368 quod

291 2382 373 2423 alio
401 2381 488 2423 loco
515 2382 712 2435 exemplis
742 2382 968 2433 ostendam,
997 2382 1223 2423 latentibus
1251 2383 1409 2423 lacunis
1436 2382 1841 2435 haplographiisque.
1871 2382 1905 2421 si
1935 2381 2085 2420 recenti
2103 2380 2200 2420 licet
2214 2381 2278 2420 uti
2298 2394 2367 2421 uo·

290 2445 451 2496 cabulo,
478 2439 620 2501 scatet.
649 2469 703 2476 —
724 2459 861 2486 enum
888 2446 1107 2499 reconde]
1135 2448 1296 2498 scripsi:
1340 2460 1442 2487 eum
1471 2460 1706 2487 recum...
1737 2446 1789 2495 F;
1817 2459 1910 2486 nam
1941 2458 1968 2484 u
1998 2448 2040 2500 et
2068 2458 2092 2485 o
2120 2445 2246 2485 etiam
2275 2458 2369 2497 per-

288 2513 504 2551 mutantur
531 2510 572 2550 in
600 2509 645 2559 F3
673 2513 720 2550 ut
748 2509 808 2550 IX
837 2511 887 2550 86
915 2510 1115 2562 nungenti
1144 2510 1187 2550 F:
1215 2514 1420 2562 nongenta
1450 2510 1493 2550 L.
1524 2509 1610 2561 Sp.;
1639 2513 1847 2560 nungenta
1876 2508 1918 2549 F:
1936 2512 2156 2560 nongenta.
2214 2508 2257 2549 Si
2271 2522 2369 2550 uere

284 2566 450 2626 ‘expleui
492 2574 567 2615 hoc
608 2574 790 2622 verbum,
831 2573 999 2626 scriptio
1041 2574 1083 2613 in
1127 2573 1158 2612 F
1200 2573 1280 2613 fuit
1308 2573 1485 2620 inuersa,
1515 2586 1637 2624 quam
1667 2573 1825 2612 dicunt:
1857 2571 2102 2621 recumde3
2131 2575 2178 2612 ut
2205 2573 2249 2612 in
2277 2572 2368 2624 lege

287 2639 456 2691 agraria
488 2639 539 2679 25
565 2637 841 2687 eomductum;
874 2638 916 2678 in
944 2637 1023 2689 leg.
1053 2637 1129 2678 Iul.
1160 2650 1268 2678 mun.
1301 2639 1346 2677 17
1378 2637 1585 2686 damdum,
1613 2638 1664 2677 49
1694 2636 1899 2687 damdam,
1929 2636 1979 2676 58
2009 2635 2231 2676 faciumdei
2257 2637 2368 2688 (sex-

249 2748 251 2750 ,
287 2702 369 2755 ies)
396 2701 604 2752 tuemdus';
634 2715 672 2742 u.
691 2701 939 2742 ‘Schneideri
968 2701 1050 2742 ind.
1079 2714 1250 2754 gramm.
1278 2714 1318 2753 p.
1352 2702 1437 2741 145.

393 2765 455 2808 Ne
483 2767 576 2818 quis
604 2766 748 2806 credat
776 2779 840 2806 me
869 2769 1021 2806 temere
1048 2766 1090 2806 in
1119 2766 1252 2806 verbis
1280 2765 1511 2805 diuidendis
1538 2766 1688 2806 codicis
1718 2779 1771 2805 au
1781 2765 2019 2805 ctoritatem
2036 2765 2255 2816 spreuisse,
2270 2765 2367 2805 item

286 2830 364 2876 hic,
406 2834 453 2872 ut
494 2830 619 2872 fiebat
660 2827 702 2872 in
732 2829 829 2871 locis
856 2843 881 2871 a
909 2829 1093 2881 Varrone
1120 2829 1304 2882 prolatis,
1333 2829 1574 2880 praesertim
1603 2828 1826 2870 latinitatis
1855 2832 2132 2880 peruetustae,
2163 2841 2285 2879 quam
2320 2827 2368 2868 li-

287 2894 416 2936 brarii
450 2908 530 2936 non
557 2894 858 2947 intellegerent,
885 2895 1082 2948 pleraque
1109 2894 1326 2936 uerborum
1354 2896 1449 2934 sunt
1478 2893 1545 2934 uel
1573 2906 1786 2946 perperam
1815 2892 1949 2933 diuisa
1975 2892 2042 2934 uel
2056 2892 2234 2933 confusa.
2291 2890 2366 2932 Cu-

285 2956 350 3001 ius
375 2959 436 3000 rei
463 2973 555 3001 cum
583 2973 712 3013 paene
737 2959 1055 3001 innumerabilia
1082 2960 1164 3000 sint
1190 2957 1376 3010 exempla
1401 2958 1443 2998 in
1469 2957 1559 2998 cod.
1590 2958 1647 3005 F.‚
1676 2959 1778 2998 satis
1811 2958 1892 2998 erit
1921 2958 2022 2998 haec
2052 2956 2227 3008 exempli
2243 2969 2365 2997 causa

286 3021 436 3069 afferre
462 3036 513 3065 ex
541 3024 738 3076 proximis
764 3023 1038 3079 paragraphis
1065 3026 1227 3078 sumpta
1257 3021 1353 3063 VII.
1382 3022 1484 3077 §28
1513 3021 1659 3065 Potoni
1688 3036 1730 3062 es
1757 3022 1830 3076 qui
1857 3035 1981 3064 senex
2002 3021 2041 3060 F:
2071 3020 2215 3062 Potoni
2232 3021 2364 3075 sesqui
