2648 3533
292 497 418 565 Qus,
417 499 595 569 menses
616 514 743 556 {uisse
781 472 1006 558 duodecim.
1061 515 1174 557 Haec
1203 516 1344 568 Unger
1371 517 1440 557 Iw.
1471 516 1662 557 Muelleri
1691 516 1975 569 Antiqu.1.2
2003 516 2081 557 614
2108 508 2197 569 sqq.
2224 521 2269 557 et
2295 517 2375 556 626

251 582 254 583 ’
300 577 499 637 “posuit-
547 577 604 620 Ut
629 577 769 619 Slavis
788 576 850 619 ita
876 575 1069 620 Romanis
1096 581 1192 622 anni
1221 581 1465 633 principium
1495 581 1724 633 antiquitus
1751 585 1843 622 erat
1870 595 1954 621 uer.
2003 581 2104 622 Vere
2130 583 2172 622 in
2200 582 2282 622 illis
2310 595 2374 622 re-

299 639 491 694 gionibns
518 642 790 695 pulcherrimo
819 643 1007 683 ueniente
1033 666 1101 692 —-‚
1129 657 1224 683 cum
1255 648 1446 685 cateruae
1479 646 1672 688 iuuenum
1707 643 1760 684 ad
1790 657 1854 684 res
1883 644 2082 695 gerendas
2110 637 2374 696 egredieban-

303 708 386 750 tur,
413 706 577 757 initium
618 706 699 745 fuit
739 707 835 745 anni
878 708 1038 747 romani
1083 707 1147 757 (cf
1177 707 1348 748 Varron.
1381 708 1506 748 uerba
1536 707 1578 746 L.
1609 707 1652 745 L
1684 706 1752 745 VI.
1783 708 1863 756 34).
1919 706 1968 745 Ei
1997 710 2131 746 autem
2162 720 2268 748 anno
2297 721 2374 748 non
2429 756 2437 763 ι

300 768 438 818 Ianus,
467 768 538 810 sed
567 768 690 823 Mars⁷
719 769 827 810 ueris
855 770 954 810 deus
981 774 1185 822 praeerat.
1241 770 1354 818 Quae
1383 771 1533 811 sabulae
1562 771 1613 810 ad
1644 771 1718 811 hoc
1753 774 1954 821 spectant,
1983 784 2052 810 eas
2080 770 2303 822 explicauit
2330 775 2375 810 et

299 833 491 885 exposuit
518 832 675 873 Usener
703 832 768 872 M.·
786 833 859 873 Rh.
890 833 1006 873 XXX
1037 835 1123 889 194·
1142 847 1228 886 sqq.
1259 835 1383 874 Primi
1414 834 1599 875 consules
1629 833 1901 874 Romanorum
1931 847 2003 874 cur
2032 833 2225 874 Ianuario
2241 847 2374 875 mense

299 900 552 942 crearentur,
595 910 740 938 causae
769 896 937 939 fuerunt
964 897 1202 949 peculiares.
1260 898 1475 938 Ianuarius
1517 901 1655 938 autem
1699 898 1794 937 anni
1837 898 2000 937 initium
2028 911 2170 938 uerum
2200 898 2375 952 denique

299 960 396 1000 iude
423 961 477 1000 ab
505 960 667 1001 saeculo
697 957 787 1000 VII.
815 961 970 1001 factum
1005 966 1078 1005 est,
1108 966 1322 1014 postquam
1364 963 1542 1002 solennis
1584 966 1674 1002 erat
1718 975 1803 1001 mos
1832 965 1877 1001 ut
1905 961 2143 1001 consulatus
2171 962 2375 1005 inirentur

299 1023 496 1078 Kalendis
523 1024 728 1065 Ianuariis
756 1027 814 1076 (u.
845 1025 985 1075 Unger
1013 1025 1038 1065 l.
1070 1039 1102 1065 c.
1134 1040 1171 1077 p.
1199 1027 1308 1077 644).
1367 1027 1607 1066 Posterioris
1636 1026 1765 1076 igitur
1794 1026 1943 1064 aetatis
1973 1037 2058 1064 mos
2085 1027 2211 1075 atque
2238 1025 2374 1076 opinio

299 1088 430 1129 elucet
458 1102 508 1129 ex
536 1102 584 1129 eo
613 1088 721 1139 quod
750 1089 894 1128 scribit
921 1088 1093 1128 Ouidius
1121 1089 1142 1128 I
1173 1089 1281 1129 Fast.
1312 1090 1361 1128 63
1390 1090 1441 1129 ad
1473 1088 1565 1129 Kal.
1595 1087 1859 1134 Iane-”Ecce
1888 1087 1964 1127 tibi
1993 1087 2189 1134 faustum,
2202 1086 2373 1128 Germa-

299 1151 400 1202 nice,
437 1152 600 1191 nuntiat
635 1164 800 1198 annum,
822 1152 944 1202 inque
971 1165 1060 1192 meo
1088 1152 1244 1203 primus
1272 1154 1451 1192 carmine
1480 1153 1607 1192 Ianus
1636 1151 1762 1190 adest.
1806 1150 1919 1190 Iane
1950 1150 2131 1201 biceps,
2161 1151 2275 1190 anni
2305 1154 2372 1190 ta·

300 1215 400 1254 cite
429 1213 642 1253 labentis
669 1214 837 1264 origo”.
894 1213 948 1253 Et
991 1213 1147 1255 Statius
1174 1215 1227 1255 ad
1257 1215 1531 1255 Domitianum
1565 1214 1603 1254 S.
1633 1214 1703 1253 IV.
1735 1215 1771 1252 2.
1801 1214 1846 1252 61
1880 1213 2021 1264 ”saepe
2050 1226 2187 1253 annua
2216 1213 2373 1264 pandas

247 1310 250 1312 .
297 1277 451 1326 limina,
479 1290 599 1328 saepe
628 1290 732 1318 nouo
761 1276 908 1318 Ianum
938 1278 1080 1319 lictore
1109 1279 1295 1328 salutes⁷⁷3
1325 1279 1373 1319 cf.
1405 1278 1442 1319 S.
1472 1279 1544 1319 IV.
1578 1279 1611 1316 1.
1643 1279 1660 1316 1
1693 1290 1780 1328 sqq.
1828 1276 1882 1316 Et
1912 1276 2117 1317 Luxorius
2146 1276 2236 1317 352.
2273 1279 2285 1315 1
2312 1277 2366 1317 Β.

299 1334 484 1382 ”Lucifef
512 1355 708 1382 annorum
741 1366 778 1370 —
810 1341 889 1388 Sol,
919 1342 1018 1383 Iane
1049 1367 1096 1372 —
1125 1342 1213 1382 ——”.

340 1450 343 1451 ⁷
404 1406 530 1446 Porro
571 1419 752 1445 annuum
796 1406 891 1446 solis
933 1407 1195 1455 curriculum,
1241 1407 1348 1458 quod
1391 1407 1611 1457 circumagi
1647 1405 1822 1455 uidetur,
1870 1405 2081 1456 flexusque
2129 1405 2195 1446 uel
2239 1415 2370 1447 met-as

300 1472 387 1512 eius
416 1472 441 1510 i.
469 1484 503 1510 e.
533 1470 723 1516 solstitia,
752 1473 798 1510 ut
827 1470 898 1510 alii
928 1471 1080 1523 populi,
1120 1472 1217 1511 item
1251 1471 1423 1511 Romani
1452 1470 1682 1520 antiquitus
1710 1470 1996 1510 obseruarunt.
2051 1469 2168 1517 Quod
2196 1475 2372 1522 apparet

299 1539 341 1576 et
368 1548 420 1575 ex
448 1533 540 1575 aliis
568 1534 691 1573 rebus
720 1537 762 1574 et
790 1547 840 1573 ex
868 1547 914 1575 eo
942 1535 1050 1584 quod
1092 1534 1214 1575 aliter
1256 1548 1412 1575 menses
1454 1533 1671 1575 crescentis
1714 1532 1815 1572 lucis
1849 1546 1873 1572 a
1901 1532 2096 1572 Ianuario
2124 1533 2177 1572 ad
2207 1533 2371 1575 Iunium

299 1597 497 1639 nominati
526 1601 634 1644 sunt,
662 1597 783 1637 aliter
817 1598 943 1638 ceteri
978 1612 1003 1637 a
1037 1597 1232 1646 Quinctili
1261 1597 1543 1637 decrescentis.
1602 1596 1722 1635 Mitto
1765 1595 1873 1644 quod
1916 1596 1958 1634 in
2002 1595 2130 1635 Italia
2157 1597 2370 1638 inuentum

299 1665 362 1700 est
391 1683 438 1689 —-
468 1673 575 1700 nunc
602 1663 665 1699 est
693 1660 734 1699 in
766 1660 963 1701 Vaticano
993 1684 1037 1688 —-
1069 1662 1229 1712 signum
1248 1660 1344 1701 solis
1364 1674 1454 1701 cum
1475 1660 1611 1701 balteo
1631 1659 1756 1710 siguis
1777 1659 1940 1699 Zodiaci
1963 1659 2155 1700 distincto
2176 1661 2231 1709 (u.
2252 1660 2372 1713 Rapp

299 1724 494 1764 Roscheri
525 1724 620 1764 Lex.
650 1723 779 1775 Myth.
810 1737 847 1774 p.
876 1725 1008 1773 2002).
1066 1724 1151 1764 Hoc
1179 1725 1284 1764 enim
1320 1728 1401 1763 tam
1428 1728 1507 1764 -est
1548 1724 1818 1778 posteriorum
1859 1726 2086 1773 temporum
2116 1735 2238 1773 quam
2268 1723 2370 1764 illud

300 1787 457 1828 Valerii
486 1786 621 1827 Flacci
665 1787 735 1826 IV.
780 1787 830 1826 92
873 1786 962 1827 ”Sol
991 1787 1208 1827 auricomis
1248 1787 1517 1839 urguentibus
1558 1787 1679 1826 Horis
1720 1785 1965 1825 multifidum
1998 1785 2119 1826 iubar
2152 1791 2193 1827 et
2214 1787 2371 1829 bisseno

264 1867 268 1870 ’
299 1851 432 1892 sidere
460 1854 618 1891 textam
648 1852 818 1892 loricam
847 1851 1065 1891 induitur”.
1121 1851 1203 1891 Cur
1233 1852 1351 1891 huius
1380 1852 1545 1891 maioris
1579 1850 1757 1890 ambitus
1792 1849 1947 1898 sideris,
1976 1850 2047 1901 qui
2076 1863 2221 1902 graece
2250 1849 2370 1891 λυκά-

298 1917 376 1964 βας
404 1919 466 1955 est
494 1911 627 1955 dictus
653 1914 874 1968 (Welcker
900 1913 971 1954 Gr.
999 1913 1174 1956 Gotterl.
1203 1914 1238 1954 I.
1267 1915 1344 1954 476
1372 1927 1460 1966 sqq.
1490 1914 1587 1954 Lob.
1617 1913 1765 1965 Phryn.
1794 1912 1888 1961 610)
1917 1913 2080 1953 initium
2109 1927 2134 1954 a
2162 1913 2266 1955 Iano
2285 1915 2370 1956 dic-

299 1983 386 2019 tum
416 1980 469 2019 sit
496 1978 728 2029 Ianuarius,
771 1992 894 2019 causa
921 1979 1007 2019 sine
1037 1979 1161 2019 dubio
1190 1983 1252 2019 est
1279 1992 1329 2019 ea
1357 1992 1479 2030 quam
1507 1977 1637 2018 edidit-
1664 1977 1911 2016 Plutarchus
1939 1991 2031 2029 κεφ.
2061 1991 2227 2029 καταγρ.
2254 1976 2368 2036 Ῥωμ.

299 2055 331 2082 c.
364 2043 424 2083 19.
454 2040 564 2081 ”Aede
591 2040 636 2080 τί
662 2040 733 2080 τὸν
758 2038 999 2092 Ἰανουάριον
1025 2047 1132 2093 μῆνα
1160 2043 1250 2080 νέου
1290 2037 1406 2087 ἔτους
1447 2038 1568 2092 ἀρχὴν
1608 2039 1895 2088 λαμβάνουσι;”
1924 2063 1975 2069 —
2006 2063 2054 2069 —-
2083 2038 2106 2079 ὁ
2134 2044 2300 2089 Νουμᾶς
2315 2044 2370 2096 (Ρ)

297 2109 349 2160 τῇ
375 2104 503 2157 φύσει
532 2103 817 2157 προσήκουσαν
851 2100 973 2157 ἀρχὴν
1000 2099 1126 2153 ἔλαβε
1153 2110 1225 2144 τοῦ
1252 2099 1368 2155 ἔτους
1395 2103 1451 2152 ὠς
1478 2102 1582 2156 πρὸς
1610 2100 1726 2155 ἡμᾶς.
1759 2126 1805 2131 -
1835 2127 1887 2132 -
1913 2101 2019 2152 μετὰ
2047 2102 2207 2154 τροπὰς
2233 2119 2368 2154 xeme-

298 2167 414 2220 ρινάς
442 2193 491 2199 -
517 2191 572 2198 —
598 2192 660 2208 —.
678 2165 858 2220 ὁπηνίκα
886 2172 962 2208 τοῦ
1005 2168 1146 2219 πρόσω
1172 2166 1357 2219 βαδίζειν
1399 2167 1663 2216 πεπαυμένος
1690 2164 1713 2204 ὃ
1741 2164 1857 2218 ἥλιος
1897 2165 2142 2218 ἐπιστρέφει
2171 2167 2239 2207 καὶ
2269 2165 2367 2207 ἄνα-

254 2252 258 2253 ’
296 2227 480 2282 κάμπτει
510 2230 640 2271 πάλιν
668 2227 774 2283 πρὸς
802 2226 918 2283 ἡμᾶς·
948 2229 1103 2282 γίνεται
1133 2229 1208 2283 γὰρ
1228 2227 1348 2283 (ἀρχή
1376 2231 1462 2284 τις)
1489 2226 1631 2277 αὐτοῖς
1659 2226 1815 2281 τρόπον
1833 2227 1925 2269 τινα
1946 2229 2015 2274 καὶ
2045 2229 2165 2283 φύσει
2195 2229 2266 2270 τὸν
2291 2231 2366 2281 μὲν

297 2299 371 2334 τοῦ
397 2293 537 2347 φωτὸς
565 2289 738 2344 αὔξουσα
765 2294 907 2344 χρόνον
947 2293 1053 2347 ἡμῖν,
1093 2298 1272 2344 μειοῦσα
1313 2293 1358 2333 δὲ
1399 2293 1468 2333 τὸν
1508 2297 1581 2332 τοῦ
1609 2291 1764 2344 σκότου,
1806 2289 2002 2344 ἐγγυτέρω
2031 2289 2076 2331 δὲ
2103 2296 2265 2333 ποιῦσα
2294 2292 2368 2334 τίν

296 2356 433 2410 κύριον
460 2357 531 2398 καὶ
563 2354 737 2410 ἡγεμόνα
771 2362 843 2409 τῆς
876 2359 1042 2409 ῥευστῆς
1073 2354 1223 2404 οὐσίας
1264 2356 1441 2410 ἁπάσης.
1497 2357 1601 2396 Item
1632 2370 1695 2407 ap.
1726 2355 1901 2395 Statium
1931 2356 1968 2395 S.
2000 2355 2068 2395 IV.
2101 2358 2135 2394 1.
2164 2356 2189 2395 3
2217 2357 2368 2398 Ianua-

298 2421 385 2462 rius
413 2426 473 2462 est
501 2421 560 2462 sol
588 2435 730 2461 nouus.
786 2421 905 2472 Apud
932 2422 1153 2462 Ausonium
1182 2421 1257 2461 Ed.
1288 2421 1395 2460 VIII
1424 2435 1461 2472 p.
1491 2422 1542 2460 ‘24
1571 2420 1718 2473 Peiper
1748 2420 1847 2459 haec
1875 2420 2052 2459 recurrit
2071 2422 2255 2472 precatio
2274 2424 2369 2463 con*-

298 2485 398 2526 s'ulis
430 2485 633 2536 designati
666 2485 797 2536 pridie
839 2484 1046 2525 Kalendas
1084 2484 1298 2524 Ianuarias
1342 2485 1518 2525 fascibus
1557 2484 1747 2534 sumptis:
1792 2482 1910 2522 ”Iane
1941 2484 2050 2523 ueni:
2088 2497 2218 2524 nouus
2247 2498 2367 2533 anne,

299 2549 409 2589 ueni:
444 2553 654 2596 renouato,
686 2547 791 2596 ueni,
821 2547 919 2587 Sol⁷⁷.
948 2546 1070 2587 Ianos
1098 2560 1223 2587 annos
1253 2548 1456 2587 Ausonius
1484 2547 1591 2586 dixit
1618 2559 1656 2597 p.
1690 2547 1773 2596 195,
1804 2547 1827 2584 6
1857 2545 1899 2584 Ρ.
1950 2546 2058 2599 Ergo
2086 2561 2166 2588 non
2194 2562 2244 2588 ex
2275 2558 2366 2589 uer·

297 2613 360 2654 bis
403 2613 570 2654 Ausonii
610 2612 807 2666 postremi
834 2613 926 2653 aeui
954 2616 1096 2664 poetae
1123 2611 1272 2660 uerbis,
1308 2611 1376 2651 sed
1406 2625 1456 2651 ex
1484 2614 1573 2651 tota
1601 2611 1676 2650 hoc
1706 2610 1983 2661 disputatione
2011 2612 2271 2664 intellegitur
2298 2613 2368 2654 Ja-

258 2698 262 2703 ν
298 2676 489 2717 nuarium
517 2689 543 2715 a
572 2675 689 2723 Ianu,
718 2680 768 2714 ut
800 2674 919 2715 solis
947 2675 1032 2715 deo
1060 2675 1227 2716 dictum.

405 2740 513 2780 Item
541 2738 679 2787 anno,
706 2743 758 2778 ut
785 2743 914 2780 certo
943 2753 1133 2780 numero
1162 2741 1423 2791 spatiorum
1454 2738 1731 2778 diurnorum
1762 2739 1876 2778 solis
1903 2740 1929 2778 i.
1958 2753 1995 2779 e.
2017 2711 2177 2781 dierum
2196 2755 2367 2794 praepo-

298 2805 403 2845 situs
431 2808 521 2844 erat
553 2803 691 2845 Ianus.
747 2803 846 2844 Eius
873 2804 978 2844 enim
1007 2804 1067 2844 rei
1095 2807 1192 2844 nota
1219 2803 1298 2843 fuit
1326 2802 1452 2842 Ianus
1479 2801 1687 2849 Geminus,
1715 2803 1785 2853 qui
1814 2803 1997 2843 traditur
2024 2818 2049 2844 a
2064 2804 2209 2845 Plinio
2237 2805 2288 2844 H.
2318 2805 2367 2845 N

299 2854 472 2908 XXXIV
504 2867 567 2919 33,
612 2867 658 2907 ”a
687 2866 819 2907 Numa
860 2880 956 2918 rege
998 2866 1158 2908 dicatus
1192 2866 1335 2918 digitis
1363 2867 1422 2906 ita
1451 2866 1641 2918 figuratis
1669 2870 1715 2905 ut
1743 2865 1948 2906 CCCLXV
1979 2867 2140 2908 dierum
2170 2872 2268 2909 nota
2295 2882 2367 2920 per

244 2981 246 2983 ‚
287 2926 633 2983 ‘significationem
663 2933 757 2971 anni
786 2932 981 2982 temporis
1009 2935 1051 2971 et
1085 2932 1176 2971 aeui
1218 2943 1303 2970 esse
1344 2930 1464 2970 deum
1506 2930 1770 2970 indicarent”.
1825 2930 1938 2970 Idem
1984 2931 2183 2971 traditum
2212 2936 2273 2971 est
2300 2944 2365 2983 ap.

299 2994 478 3038 Macrob.
508 2994 547 3036 S.
575 2994 597 3036 Ι
626 2996 663 3037 9.
692 2996 756 3036 10.

405 3058 754 3108 Quemadmodum
796 3057 942 3099 Graeci
979 3058 1154 3111 Apollini
1184 3055 1399 3110 Νεομηνίῳ
1426 3071 1534 3099 noua
1562 3058 1660 3100 luna
1688 3073 1846 3100 sacrum
1876 3059 2084 3100 faciebant
2111 3059 2182 3111 (de
2210 3072 2291 3110 qua
2319 3071 2366 3099 re

298 3138 339 3164 u.
369 3123 652 3176 Furtwiingler
680 3122 1007 3189 Roscheri·Lex.
1051 3122 1177 3174 Myth.
1219 3121 1318 3173 424>
1358 3122 1419 3160 ita
1459 3121 1632 3161 Romani
1675 3123 1861 3162 colebant
1902 3123 2073 3163 Ianum
2104 3123 2365 3163 Iunonium.
