2648 3533
453 5 476 21 ι
495 29 511 50 ι
540 0 815 60 &cacavum
829 10 854 29 μ
867 40 885 55 ,
979 0 1066 48 2⁴³3?

546 56 551 59 ’
583 51 628 83 ,ῶς-
647 47 790 82 Εχητξῇἶηξ
1052 63 1060 83 ,μ

257 253 267 288 3
291 280 483 321 pronam
502 269 550 311 in
590 260 859 319 profundum
881 229 1146 312 dilabentem,
1188 264 1298 320 ignis
1318 245 1468 323 atque
1492 267 1689 311 animae
1706 253 1850 317 louet*
2017 318 2028 326 ,

291 330 518 386 fugientem
559 328 771 384 copulauit
813 328 1068 374 circumdato
1109 329 1237 373 caelo:
1281 343 1389 383 quae
1430 331 1496 372 nis
1535 323 1641 373 caeli
1680 327 1867 376 maxima
1892 324 2032 374 Jun-
2028 309 2228 388 ’am

279 391 539 447 “οο11ι“εαιιίΐ.”
596 394 644 435 In
684 394 778 434 his
793 406 884 435 cum
920 394 1004 435 alia
1044 393 1378 446 philosophorum
1411 393 1584 437 inuenta
1610 397 1699 436 tum
1722 390 1857 436 stoica
1881 389 2101 448 quaedam
2104 388 2321 440 *secum

293 460 477 503 Stoicum
505 446 615 512 quo'd
644 459 745 501 dicit
760 459 824 501 de
852 460 1145 501 elementorum
1174 458 1365 510 discidi03
1394 460 1445 501 de
1473 473 1555 513 quo
1581 458 1690 501 Zeno
1717 458 1842 500 schol.
1871 457 1966 500 Hes.
1994 449 2154 514 Theog
2174 444 2267 501 115
2265 437 2416 511 (1⁰15)w

252 545 254 547 ν
291 527 343 578 γῆ
382 521 489 563 κατὰ
531 521 752 576 συνίζησιν,
794 519 872 577 ἀὴρ
900 522 1007 577 κατὰ
1035 519 1246 573 ἀνάδοσιν,
1273 523 1322 563 τὸ
1354 522 1401 564 δὲ
1427 521 1682 575 λεπτομερὲς
1708 525 1783 563 τοῦ
1812 519 1933 574 ἀέρος
1959 520 2097 574 γέγονε
2123 516 2225 574 πῦρ.
2277 518 2402 564 Gun'
2470 515 2480 523 ”

290 592 429 630 autem
472 587 621 629 Ianum
663 601 770 629 noua
810 580 970 629 ratione
1015 587 1171 629 faceret
1199 588 1300 629 haec
1327 587 1508 629 discreta
1535 586 1808 638 ordinataque
1835 584 1940 627 caeli
1967 584 2065 627 orbe
2093 579 2400 634 continentem,⁴
2433 628 2436 630 ,
2466 604 2471 608 v

290 653 344 694 ad
386 652 532 693 Ianum
575 652 792 692 transtulit
834 651 875 692 id
919 651 1027 704 quod
1057 651 1107 692 de
1135 651 1245 692 Sole
1274 650 1433 692 caelum
1461 649 1813 692 circumfundente
1840 649 1965 691 terris
1992 646 2228 700 tradiderat
2242 645 2381 703 {th'ye

290 718 432 792 sippus
472 717 515 757 in
543 716 722 768 physicis
755 729 819 768 ap.
857 715 974 768 Diog.
1004 716 1141 756 Laert.
1173 715 1250 755 VII
1278 717 1340 756 81.
1373 716 1448 756 152
1476 719 1549 768 τῆς
1576 712 1622 754 δὲ
1654 712 1849 765 γενέσεως
1876 708 2010 752 αὐτῶν
2037 712 2098 763 (id
2125 716 2200 764 est,
2229 715 2312 752 τῶν
2338 710 2382 752 ἔν

278 775 383 832 ιοἰέρι
412 777 647 831 γινομένων)
677 774 815 817 αι’τιον
842 776 1041 829 γίνεσθαι
1071 777 1142 817 τὸν
1170 779 1288 831 ἣλιον
1314 775 1586 830 ἐξατμίζοντα
1614 777 1666 818 τὰ
1694 777 1808 831 νέφη.
1852 776 1968 827 Quod
1996 777 2198 829 quomodo
2225 777 2380 818 fact-um

291 843 347 883 sit
374 843 593 895 exponitur
621 841 773 882 scholio
801 841 854 881 ad
884 841 976 881 Hes
1007 841 1156 895 Theog.
1189 843 1259 883 119
1288 842 1396 894 λέγει
1427 841 1645 893 (Hesiodus
1673 841 1866 890 Tartara)
1894 839 1965 880 τὸν
1991 837 2093 893 ἅέρα
2120 840 2192 881 τὸν
2217 839 2291 895 τὴν
2308 839 2381 894 γὴν

291 904 538 958 περιέχοντα
581 904 647 945 καὶ
691 907 740 944 τὸ
783 904 876 957 περὶ
920 900 1055 956 αὐτὴν.
1099 900 1204 945 εἶναι
1250 905 1296 945 δὲ
1329 899 1442 952 εἰκος
1469 909 1616 944 τοῦτον
1648 900 1692 953 ἐξ
1717 894 1939 952 ἐλάσσονος
1965 901 2086 957 ὐγροῦ
2111 893 2175 952 εἷς
2201 902 2379 944 πλείονα
2407 927 2412 930 -
2469 905 2477 913 ”

290 963 410 1020 ὄγκον
450 967 713 1019 διαχεόμενον
755 967 825 1008 καὶ
868 964 1141 1019 ἆτμιζόμενον
1182 967 1455 1020 τεταράχθαι,
1497 969 1616 1021 μέχρι
1659 965 1710 1006 ἂν
1750 966 1858 1022 λάβῃ
1891 964 1962 1006 τὸν
1989 964 2120 1020 ἥλιον.
2147 966 2259 1007 τότε
2291 965 2379 1020 γὰρ

290 1036 355 1085 τῷ
381 1028 502 1085 ἡλίῳ
530 1028 1023 1085 συμπαρεκτείνεται,
1054 1030 1192 1084 ὥσπερ
1220 1034 1278 1085 τῷ
1306 1029 1625 1085 πυρακτωθέντι
1656 1030 1810 1085 σιδήρῳ
1836 1029 1885 1071 τὸ
1913 1034 2009 1084 πῦρ.
2050 1029 2104 1072 Et
2124 1030 2233 1084 quod
2252 1029 2379 1072 Ianus

290 1111 316 1138 a
355 1096 563 1146 Messalla,
606 1098 722 1148 quasi
766 1101 862 1143 νοῦς
903 1096 1158 1150 δημιουργὸς,
1201 1097 1338 1137 omnia
1365 1096 1519 1148 fingere
1547 1100 1589 1136 et
1618 1109 1759 1148 regere
1787 1095 1951 1141 dicitur,
1981 1095 2057 1135 hoc
2084 1096 2215 1147 ipsum
2244 1094 2380 1147 nescio

290 1175 342 1202 an
384 1160 436 1201 de
478 1160 594 1209 Iano,
623 1165 669 1205 ut
698 1160 796 1201 solis
826 1160 915 1208 deo,
945 1160 1111 1202 dixerit.
1168 1160 1303 1203 Solem
1331 1175 1356 1202 a
1384 1160 1582 1202 Cleanthe
1611 1161 1797 1202 habitum
1826 1173 1912 1200 esse
1940 1159 2080 1201 mundi
2109 1157 2378 1212 principalem

290 1222 479 1266 auctores
509 1229 604 1265 sunt
633 1225 760 1265 Anon.
790 1224 1121 1265 Ps.-Censorinus
1150 1239 1189 1277 p.
1220 1227 1283 1265 76.
1316 1228 1333 1264 1
1365 1225 1473 1266 Jahn
1502 1228 1544 1265 et
1571 1224 1689 1273 Diog.
1718 1224 1910 1264 Laertius
1942 1222 2022 1262 VH
2042 1222 2132 1263 139.
2178 1221 2378 1264 Similiter

289 1288 430 1329 Cicero
458 1289 509 1328 de
538 1288 585 1328 R.
616 1288 658 1327 P.
690 1288 748 1328 Vl
782 1289 804 1339 ξ
837 1289 883 1327 17
929 1288 1031 1333 ”soh
1072 1289 1156 1329 dux
1199 1294 1240 1329 et
1282 1290 1470 1340 princeps
1512 1279 1554 1328 et
1595 1288 1830 1328 moderator
1872 1288 2070 1327 luminum
2112 1287 2376 1338 reliquorum,

288 1365 403 1393 mens
430 1351 572 1391 mundi
601 1355 642 1390 et
672 1351 949 1403 temperatio”.
1008 1351 1062 1391 Et
1090 1352 1249 1393 Plinius
1277 1352 1326 1392 N.
1356 1353 1407 1392 H.
1435 1352 1478 1392 II
1507 1353 1544 1392 6.
1578 1351 1625 1391 13
1660 1351 1819 1391 ”eorum
1849 1351 1894 1402 (i.
1929 1364 1963 1391 e.
1993 1350 2192 1400 siderum)
2220 1349 2378 1390 medius

289 1415 349 1456 sol
377 1415 512 1456 fertur
539 1415 792 1467 amplissima
822 1415 1105 1468 magnitudine
1134 1431 1182 1457 ac
1210 1421 1430 1469 potestate,
1461 1430 1533 1457 nec
1566 1407 1810 1467 temporum*
1830 1414 1949 1456 modo
1977 1418 2276 1466 terrarumque,
2304 1413 2377 1455 sed

287 1479 468 1520 siderum
509 1480 635 1520 etiam
678 1479 860 1531 ipsorum
902 1479 1086 1531 caelique
1128 1485 1273 1521 rector.
1331 1481 1453 1521 Hunc
1487 1494 1573 1522 esse
1602 1479 1742 1521 mundi
1771 1479 1898 1521 totius
1927 1479 2108 1520 animum
2134 1491 2185 1519 ac
2212 1477 2375 1531 planius

288 1548 477 1591 mentem,
506 1543 612 1582 hunc
642 1543 867 1593 principale
897 1547 1071 1583 naturae
1100 1545 1281 1595 regimen
1312 1558 1360 1584 ac
1388 1557 1535 1584 numen
1565 1544 1729 1584 credere
1758 1543 1876 1583 decet
1904 1555 2028 1594 opera
2053 1542 2139 1582 eius
2157 1542 2374 1583 aestiman-

286 1606 404 1647 tem”.
433 1605 568 1654 Quid?
595 1605 774 1646 artifices
803 1610 844 1645 et
871 1609 1015 1656 poetae
1044 1621 1174 1648 nonne
1204 1608 1287 1649 Soli
1315 1608 1596 1660 gubernacula
1624 1607 1765 1648 mundi
1793 1606 2057 1647 detulerunt?
2084 1606 2184 1646 Est
2175 1620 2218 1646 m
2236 1618 2375 1646 museo

286 1669 413 1723 Neap.
456 1672 593 1722 imago
636 1668 739 1710 Solis
780 1670 919 1710 orbem
962 1671 1064 1711 caeli
1107 1673 1295 1718 tenentis,
1338 1672 1455 1724 Rapp
1498 1670 1669 1724 Mythol.
1713 1670 1906 1712 Roscheri
1949 1684 1987 1722 p.
2031 1669 2146 1710 2024.
2202 1668 2375 1710 Ouidius
2417 1682 2425 1687 “

286 1733 453 1790 Metam.
483 1733 504 1772 I
536 1734 613 1772 769
642 1733 752 1782 ”hoc‚
781 1734 852 1784 qui
881 1737 1085 1786 temperat
1113 1735 1265 1785 orbem,
1294 1735 1418 1777 Sole”.
1477 1735 1540 1775 Ad
1583 1736 1658 1776 hoc
1700 1734 1797 1776 solis
1839 1747 1985 1775 munus
2013 1737 2173 1786 spectat
2201 1747 2372 1786 graecus

285 1798 355 1839 ille
397 1799 516 1847 ritus,
557 1799 674 1838 cuius
716 1798 960 1838 mentionem
1004 1799 1104 1839 facit
1145 1801 1384 1841 Athenaeus
1412 1800 1485 1840 XV
1521 1814 1559 1851 p.
1589 1800 1667 1838 693
1696 1799 1733 1836 Ε
1763 1796 1879 1850 παρὰ
1914 1796 1959 1838 δὲ
1992 1800 2083 1845 τοῖς
2111 1793 2370 1851 “minutum

283 1860 458 1911 θύοντες
499 1864 558 1912 τῷ
597 1858 736 1913 Ἡλίῳ,
778 1859 834 1906 ὥς
875 1875 978 1914 φησι
1025 1861 1240 1915 Φύλαρχος
1268 1861 1311 1902 ἐν
1343 1867 1395 1917 τῇ
1424 1861 1478 1913 ιβ’
1509 1866 1589 1902 τῶν
1617 1859 1826 1914 ἱστοριῶν,
1852 1859 1946 1911 μέλι
1977 1860 2234 1911 σπένδουσιν,
2262 1854 2374 1901 οἶνον

283 1921 331 1964 οὗ
369 1924 564 1976 φέροντες
605 1926 696 1970 τοῖς
735 1926 905 1972 βωμοῖς,
950 1924 1037 1963 δεῖν
1069 1925 1256 1976 λέγοντες
1283 1925 1353 1965 τὸν
1385 1924 1436 1965 τὰ
1466 1924 1542 1964 ὅλα
1584 1923 1801 1974 συνέχοντα
1842 1924 1912 1965 καὶ
1941 1925 2240 1977 διακρατοῦντα
2268 1923 2373 1964 θεὸν

283 1985 356 2027 καὶ
399 1982 466 2026 ἀεὶ
501 1982 837 2037 περιπολεύοντα
880 1985 952 2026 τὸν
993 1985 1143 2037 κόσμον
1170 1983 1391 2041 ἀλλότριον
1419 1984 1526 2029 εἶναι
1556 1988 1704 2042 μέθης.
1760 1988 1809 2028 In
1837 1992 2078 2029 transcursu
2105 2002 2372 2031 commemoro

284 2049 409 2091 Indos
452 2063 612 2100 quoque
641 2051 940 2091 uetustissimos
973 2050 1108 2092 Solem
1144 2051 1286 2092 fecisse
1319 2056 1455 2093 terras
1483 2057 1524 2093 et
1551 2052 1654 2093 caeli
1682 2052 1822 2093 orbem
1849 2053 2137 2094 continentem.
2192 2053 2239 2093 R.
2270 2052 2370 2094 Ved.

283 2112 322 2153 X
355 2114 431 2154 149
459 2112 648 2153 ”Sauitar
677 2117 831 2154 terram
860 2115 1037 2154 uinculis
1065 2117 1330 2156 constrictam
1358 2117 1534 2157 firmiter
1553 2116 1767 2159 continuit.
1789 2116 1964 2170 firmi-ter
1981 2116 2140 2163 caelum
2159 2117 2201 2157 in
2220 2116 2373 2160 mundo

286 2181 403 2218 vasto
444 2177 530 2217 sine
572 2176 716 2216 fulcris
758 2177 1090 2229 (askambhane).
1147 2180 1269 2231 Apud
1310 2182 1554 2231 posteriores
1596 2179 1799 2220 Romanos
1832 2180 1895 2220 uel
1931 2183 2125 2221 externae
2153 2180 2371 2232 religiones

289 2239 353 2280 uel
395 2239 584 2280 doctrina
626 2240 884 2291 quorundam
927 2241 1259 2293 philosophorum
1301 2246 1463 2283 tantum
1505 2242 1643 2283 ualuit
1676 2247 1724 2282 ut
1751 2246 1886 2283 essent
1913 2243 1985 2294 qui
2013 2242 2145 2283 Solem
2172 2246 2371 2295 putarent

284 2315 370 2343 esse
411 2303 568 2351 Iouem,
610 2307 657 2343 ut
698 2305 921 2356 Iuppiter
963 2305 1181 2357 Optimus
1223 2306 1302 2347 Sol
1344 2308 1463 2347 inser.
1492 2308 1542 2346 97
1574 2305 1815 2355 Wilmanns‚
1842 2306 1909 2347 uel
1937 2320 2075 2358 regem
2102 2309 2295 2358 omnium,
2323 2311 2371 2349 ut

284 2366 511 2408 Dominus
553 2366 631 2407 Sol
674 2368 745 2407 271
794 2368 855 2407 W.
899 2369 1064 2409 Anthol.
1105 2371 1180 2410 387
1224 2371 1260 2409 R
1301 2371 1402 2411 haec
1444 2372 1598 2423 scripta
1626 2371 1790 2410 suntin
1821 2370 1984 2411 laudem
2013 2369 2117 2412 Solis
2145 2385 2184 2411 u.
2213 2373 2262 2413 41
2296 2385 2368 2425 sq.:

284 2428 373 2471 ”Sol
402 2430 526 2472 facies
554 2431 697 2472 mundi
726 2432 910 2485 caelique
939 2433 1120 2475 uolubile
1150 2435 1347 2486 templum
1375 2459 1414 2465 —
1433 2435 1501 2477 Sol
1530 2435 1663 2484 Liber,
1694 2433 1761 2475 Sol
1789 2434 1900 2475 alma
1927 2434 2061 2481 Ceres,
2091 2434 2161 2477 Sol
2180 2435 2368 2489 Iuppiter

280 2494 403 2546 ipse”.

379 2558 527 2599 ‚Etiam
569 2559 830 2609 Plutarchus,
872 2562 991 2602 homo
1032 2562 1280 2612 Platonicus,
1317 2562 1508 2613 Ῥωμαικ.
1551 2578 1584 2604 c.
1622 2565 1669 2603 19
1703 2578 1740 2615 Ρ.
1770 2565 1822 2603 92
1850 2564 1900 2603 W
1933 2565 2058 2605 solem
2086 2565 2272 2617 appellat
2298 2563 2369 2604 τὸν

235 2631 244 2638 “
281 2619 421 2673 κύριον
461 2620 532 2661 καὶ
577 2619 750 2674 ἡγεμόνα
792 2626 864 2677 τῆς
905 2626 1069 2677 ῥευστῆς
1110 2623 1255 2674 (η’-σίας
1297 2624 1473 2681 ἁπάσης.
1536 2628 1590 2668 Et
1630 2629 1665 2669 is
1706 2627 1941 2670 Platonicus
1982 2629 2098 2670 euius
2139 2629 2368 2671 doctrinam

280 2684 479 2725 Macrobii
507 2690 652 2726 auctor
679 2691 843 2728 secutus
871 2692 934 2728 est
962 2690 1046 2741 ipse
1075 2693 1254 2731 testatur
1282 2705 1324 2733 se
1354 2692 1499 2732 Ianum
1526 2696 1568 2733 et
1588 2692 1720 2733 Solem
1740 2692 1912 2733 eundem
1932 2695 2079 2745 putare
2098 2705 2162 2745 ap.
2185 2692 2364 2735 Macrob.

198 2775 211 2781 r
278 2747 319 2788 S.
348 2747 381 2787 Ι.
415 2750 478 2788 17.
506 2751 558 2788 42
593 2749 689 2789 ”Sol
734 2752 982 2792 umoribus
1022 2755 1286 2795 exsiccatis
1328 2756 1386 2794 ad
1429 2755 1851 2807 progenerandum
1883 2757 2104 2797 omnibus
2137 2757 2367 2809 praebuit

276 2822 482 2859 causam,
512 2814 559 2851 ut
586 2812 646 2851 ait
673 2811 858 2864 Orpheus

835 2877 994 2929 πατρὸς
1021 2892 1167 2926 εχοντα
1196 2879 1288 2919 νόον
1315 2895 1385 2921 και
1416 2880 1625 2933 ἐπίφρονα
1652 2882 1802 2935 βουλήν

275 2936 399 2978 unde
427 2951 512 2979 nos
541 2951 730 2990 quoque
759 2941 927 2982 Ianum
960 2947 1148 2994 patrem
1184 2958 1422 2996 uocamus,
1458 2945 1604 2987 solem
1633 2946 1719 2986 sub
1748 2946 1835 2988 hac
1864 2948 2197 3000 appellatione
2226 2965 2362 2993 uene·
2383 2934 2387 2937 .

274 3005 452 3044 rantes
