2648 3533
394 251 580 322 Gauius
621 283 761 330 autem
802 278 984 322 Bassus
1012 294 1110 323 aera
1143 280 1289 323 Ianum
1317 289 1406 323 esse
1403 244 1552 327 dixit·-
1597 250 1749 323 Ioanu.
1767 274 1931 339 Lydus
1941 279 1996 325 l·
1990 291 2070 331 W
2087 302 2099 317 1-

246 342 460 392 Βάσσος
501 340 545 383 ἐν
571 348 632 396 τῷ
665 342 766 396 περὶ
794 345 909 385 θεῶν
934 341 1113 395 δαίμονα
1141 339 1266 384 αὐτὸν
1289 342 1399 397 (scil.
1429 343 1573 398 turin)
1591 338 1708 385 εἶναι
1730 340 1911 398 νομίζὲι,
1914 327 2180 415 τεταγμένᾷἶ
2211 391 2214 393 Α
2280 362 2298 382 .‹

286 404 420 461 ἀέρος,
446 406 520 448 καί
547 405 589 447 δί
620 404 749 448 αὐτοῦ
777 405 853 455 τὰς
879 411 961 467 τῶν
990 405 1226 460 ἀνθρώπων
1255 405 1377 458 εὐχὰς
1401 402 1693 462 ἀναφέρεσθαι
1720 409 1831 455 τοῖς
1848 397 2111 461 ιι«,>ἐίτ·ιτκ1ι.·’ι
2162 421 2166 423 ’
2217 401 2273 429 '³³
2409 447 2414 462 ἰ
2437 456 2439 459 ⁴

395 472 570 520 Varro,
599 472 870 522 grauissimus
897 465 1077 513 omnium
1106 475 1263 517 auctor,
1294 471 1438 512 Ianum
1467 482 1554 513 esse
1580 471 1717 512 uoluit
1742 471 1944 512 mundum
1969 472 1996 512 i.
2025 482 2061 512 e
2084 461 2261 523 caelumg
2257 465 2505 527 teste

287 536 518 589 Augustino
547 534 598 576 de
626 533 725 575 Ciu.
741 534 807 575 dei
837 534 918 576 VII
947 549 980 576 c.
998 537 1047 575 7.
1103 534 1217 576 Inter
1246 536 1492 577 recentiores
1522 534 1692 581 Deecke,
1721 533 1810 576 Etr
1839 533 2003 578 Forsch.
2032 533 2075 576 11
2113 529 2185 576 125
2199 534 2311 596 sqq„
2306 533 2377 578 IV
2426 527 2443 579 s

287 603 339 643 24
366 615 454 654 sqq.
484 602 526 642 in
554 602 725 644 eandem
755 601 1005 641 sententiam
1033 600 1243 641 subtiliter
1278 600 1520 652 disputauit.
2464 644 2467 645 ⁷

392 666 569 707 Restant
597 679 647 706 ex
677 665 948 705 recentiorum
979 678 1146 705 numero
1174 665 1282 705 duae
1310 664 1548 705 sententiae.
1576 662 1753 704 Creuzer
1767 662 1946 715 Symbol.
1967 664 2013 704 Π
2031 677 2069 716 p.
2086 665 2164 709 883
2178 676 2275 717 sqq.
2303 664 2375 711 {Ig—
2403 706 2406 707 γ
2438 676 2445 678 ’
2491 667 2497 671 ’

288 743 384 771 num
412 729 517 770 facit
544 743 697 770 annum
727 728 936 770 zodiacum
967 732 1287 780 percurrentem.
1343 727 1456 775 Quod
1479 740 1632 768 uanum
1662 739 1749 768 esse
1763 725 2023 780 intellegitur
2037 740 2150 770 exeo
2165 728 2253 782 ipso
2266 729 2377 782 quod

285 806 416 845 usque
445 793 497 833 ad
530 792 735 832 VIIzmum
765 793 880 832 urbis
909 792 1117 833 saeculum
1146 807 1346 834 annorum
1377 793 1497 832 initia
1533 806 1609 832 non
1641 791 1694 831 ab
1710 791 1919 840 Ianuario,
1939 791 2009 833 sed
2029 792 2222 834 aMartio
2236 805 2374 834 mense
2424 830 2428 833 ,

287 857 460 897 Romani
490 856 610 897 fastis
641 857 806 906 quidem
836 861 878 896 et
907 856 1158 897 solemnibus
1186 857 1338 897 ritibus
1368 856 1586 896 ducebant.
1644 856 1678 895 A
1706 854 1898 895 Creuzeri
1928 857 2133 897 sententia
2163 870 2242 898 non
2271 857 2375 898 mul·

285 925 373 959 tum
402 921 533 960 distat
566 920 607 959 id
638 919 745 970 quod
781 920 899 959 docet
928 919 1074 959 Nissen
1104 921 1145 959 in
1174 921 1338 970 egregio
1367 920 1474 959 libro
1502 919 1553 960 de
1583 919 1748 970 Templo
1777 933 1815 970 p.
1843 919 1933 966 228,
1965 919 2109 960 Ianum
2138 933 2225 961 esse
2254 920 2376 961 deum

283 984 380 1024 anni
409 984 451 1023 iu
480 997 521 1023 se
550 983 683 1034 ipsum
711 984 959 1023 reuertentis
988 987 1030 1022 et
1058 983 1290 1033 significare
1319 984 1456 1041 ipsam
1481 983 1684 1023 notionem
1706 983 1827 1034 primi
1842 989 1884 1023 et
1898 983 2087 1034 potremi‚
2102 997 2207 1036 quae
2223 988 2266 1025 et
2281 998 2373 1025 con·
2404 985 2410 989 ”

284 1494 540 1535 instituenda
569 1498 616 1535 ut
644 1507 892 1546 quaeramus
920 1494 1082 1545 qualem
1114 1494 1286 1534 Romani
1307 1507 1397 1533 cum
1427 1493 1702 1545 antiquissimi
1738 1498 1826 1532 tum
1855 1506 1904 1533 ea
1932 1496 2067 1533 aetate
2097 1505 2176 1545 quo
2205 1505 2369 1534 carmen

285 1558 444 1597 Saliare
488 1559 686 1608 scriptum
729 1563 792 1596 est
834 1557 980 1596 Ianum
1024 1559 1172 1595 animis
1200 1557 1404 1595 finxerint.
1463 1557 1709 1606 Fragmento
1739 1557 1814 1594 hoc
1843 1557 2035 1595 carminis
2064 1555 2235 1594 Saliaris
2263 1557 2371 1613 quod

283 1622 458 1672 primum
488 1622 604 1671 posui
632 1620 836 1661 adductus
865 1635 952 1661 sum
982 1627 1029 1660 ut
1057 1620 1183 1660 Ianus
1211 1620 1278 1660 Sol
1307 1624 1427 1670 esset,
1458 1620 1578 1671 quod,
1608 1623 1811 1669 quantum
1826 1618 1959 1670 uideo,
1976 1633 2054 1659 non
2071 1619 2162 1670 quit
2174 1618 2297 1660 aliter
2312 1621 2371 1660 in-

284 1683 437 1735 tellegi3
468 1684 670 1724 accedunt
700 1688 947 1737 argumenta
978 1698 1057 1725 non
1088 1696 1231 1736 pauca;
1261 1683 1346 1724 ulia
1376 1683 1558 1724 breuiter
1587 1683 1723 1734 attigi,
1753 1683 1837 1723 alia
1864 1695 1890 1723 a
1918 1681 2169 1723 Buttmanno
2199 1686 2243 1722 et
2257 1681 2370 1723 Prel-

283 1748 369 1787 lero
398 1747 512 1787 dicta
542 1752 652 1795 sunt,
682 1747 765 1786 alia
795 1748 872 1786 hac
902 1747 1179 1798 disputatione
1208 1759 1296 1785 sum
1331 1748 1560 1786 additurus.
2162 1744 2165 1746 ’

393 1811 597 1851 Romanos
626 1811 735 1851 hunc
764 1811 886 1850 deum
915 1825 1007 1850 cum
1036 1811 1133 1850 Ioue
1162 1815 1204 1851 et
1232 1811 1367 1851 Marte
1396 1816 1561 1862 praeter
1589 1815 1745 1851 ceteros
1774 1825 1889 1851 suum
1921 1826 1968 1851 ac
1984 1825 2081 1851 uere
2096 1811 2272 1851 latinum
2287 1811 2370 1852 exi-

286 1876 472 1916 stimasse
502 1874 577 1915 hoc
607 1875 740 1926 ipsum
769 1874 957 1915 declarat
985 1873 1093 1926 quod
1123 1887 1233 1915 asses
1262 1875 1348 1915 eius
1376 1876 1510 1926 capite
1543 1875 1710 1915 bifronti
1726 1876 1958 1927 antiquitus
1986 1875 2150 1926 signare
2166 1874 2367 1915 solebant.

285 1939 434 1979 Graeci
463 1944 602 1978 autem
632 1951 722 1977 cum
754 1938 887 1976 multa
915 1939 1134 1977 commenti
1164 1943 1260 1977 sunt
1289 1944 1334 1977 ut
1364 1940 1484 1977 initia
1513 1940 1757 1989 religionum
1787 1940 1924 1990 populi
1955 1941 2110 1979 romani
2140 1939 2371 1979 humanita-

285 2003 422 2054 tisque
452 2015 600 2053 graeca
629 2015 715 2042 esse
745 2001 999 2047 uiderentur,
1031 2006 1115 2040 tum
1153 2000 1242 2042 Iani
1259 2003 1457 2053 originem
1474 2003 1637 2054 quidam
1654 2003 1706 2043 ad
1722 2001 1937 2043 Graeciam
1953 2002 2195 2043 retulerunt.
2245 2002 2368 2043 Athe-

284 2079 411 2107 naeus
440 2065 514 2106 XV
544 2080 581 2118 p.
612 2067 689 2106 692
719 2065 765 2115 E3
795 2065 1045 2106 Plutarchus
1073 2079 1160 2117 κεφ.
1191 2079 1356 2117 καταγρ.
1386 2068 1484 2118 ῥωμ.
1516 2064 1637 2105 XXII
1668 2069 1708 2105 et
1738 2064 1869 2114 XL11;
1908 2079 2054 2117 graeco
2071 2070 2240 2107 auctore
2255 2066 2370 2107 Seru.

282 2131 335 2171 ad
367 2131 488 2181 Verg.
507 2130 605 2170 Aen.
626 2129 726 2168 VIII
743 2130 832 2169 357.
890 2129 1022 2177 Quid?
1050 2129 1158 2180 quod
1172 2128 1399 2170 Graeculus
1415 2131 1564 2182 aliquis
1580 2131 1688 2182 apud
1705 2136 1812 2170 auct.
1829 2131 1853 2169 l.
1871 2131 1921 2170 de
1936 2131 2047 2181 Orig.
2064 2131 2181 2171 Gent.
2198 2131 2310 2172 Rom.
2333 2133 2368 2171 2.

288 2197 299 2234 l
349 2208 442 2235 eum
472 2193 573 2234 facit
601 2193 891 2233 Atheniensem
921 2196 1144 2244 natumque
1173 2191 1327 2234 Creusa
1357 2193 1577 2235 Erechthei
1606 2194 1716 2246 regis
1735 2194 1831 2235 filia.
1890 2194 2036 2247 Spreta
2065 2208 2113 2236 ac
2140 2195 2265 2236 missa
2293 2195 2370 2237 hac

280 2261 602 2299 commentorum
633 2258 818 2297 uanitate
847 2260 1056 2309 sequimur
1085 2257 1221 2308 potius
1250 2257 1399 2298 famam
1429 2259 1601 2310 originis
1629 2259 1796 2298 latinae.
1853 2257 1956 2297 Erat
1985 2259 2100 2298 eninr
2121 2258 2233 2299 fama-
2248 2262 2366 2299 uetus

281 2327 323 2363 et
369 2323 595 2362 communis
624 2335 714 2361 eum
745 2321 869 2361 fuisse
898 2322 1229 2372 antiquissimum
1259 2337 1395 2375 regem
1426 2324 1548 2372 Latii,
1578 2324 1685 2376 quod
1716 2323 1889 2364 tradunt
1916 2322 2088 2363 Ouidius
2117 2323 2215 2363 Fast
2244 2322 2263 2363 1
2293 2324 2365 2362 241

281 2400 370 2438 sqq;
416 2385 593 2426 Macrob.
637 2385 669 2425 1.
699 2387 734 2424 9.
766 2387 801 2433 23
832 2387 881 2425 18
911 2399 999 2436 sqq;
1037 2386 1222 2438 Hyginus
1257 2387 1527 2428 Protarchum
1551 2387 1803 2428 Trallianum
1833 2390 1995 2426 secutus
2023 2399 2089 2438 ap.
2119 2385 2298 2426 Macrob.
2328 2386 2366 2427 S.

281 2450 314 2490 Ι.
351 2452 387 2489 7.
423 2450 480 2490 19:
510 2450 624 2489 Seru.
655 2449 708 2488 ad
729 2449 824 2488 Aen.
858 2448 973 2488 VIII.
1003 2449 1099 2498 355;
1132 2452 1249 2490 Auct.
1278 2450 1373 2502 Org.
1403 2450 1652 2491 Genaktom.
1688 2453 1719 2490 1.
1750 2451 1784 2489 3.
1815 2463 1904 2502 sqq;
1934 2450 1969 2488 3.
2000 2451 2038 2499 73
2067 2450 2307 2490 Lactantius
2335 2450 2368 2490 Ι.

286 2515 333 2554 13
376 2529 413 2566 p.
449 2516 497 2552 47
529 2513 591 2553 ed.
620 2512 724 2564 Bip.;
753 2512 1002 2553 Plutarchus
1030 2513 1148 2553 Num.
1171 2527 1203 2552 c.
1230 2515 1276 2553 19
1306 2518 1409 2554 extr.
1435 2512 1489 2552 ‘O
1502 2513 1578 2565 γὰρ
1593 2510 1728 2560 Ἰανὸς
1748 2508 1789 2550 ἒν
1808 2518 1900 2560 τοῖς
1919 2512 2030 2553 πάνυ
2051 2513 2267 2562 παλαιοῖς,
2282 2510 2369 2553 εἶτε

281 2575 441 2625 δαίμων
460 2572 543 2614 εἴτε
564 2576 760 2625 βασιλεὺς
789 2576 1000 2625 γενόμενος
1022 2576 1240 2623 πολιτικὸς
1259 2576 1329 2615 καὶ
1350 2576 1585 2623 κοινωνικὸς
1604 2574 1647 2615 ἐκ
1667 2581 1743 2616 τοῦ
1763 2576 1996 2629 θηριώδους
2009 2574 2082 2615 καὶ
2099 2572 2244 2629 ἀγρίου
2257 2575 2370 2627 λέγε-

282 2653 353 2678 ται
381 2638 635 2689 μεταβαλεῖν
663 2637 735 2691 τὴν
763 2635 945 2677 δίαιταν.
990 2639 1045 2679 Ut
1061 2635 1207 2680 Graeci
1223 2640 1423 2681 Graecum
1440 2642 1500 2680 ita
1516 2639 1633 2680 Tusci
1651 2640 1845 2681 uidentur
1861 2654 1951 2680 eum
1969 2640 2111 2681 fecisse
2130 2639 2318 2687 Tuscum,
2334 2640 2367 2680 si

281 2703 401 2744 modo
436 2703 565 2742 Anius
599 2703 668 2742 ille
698 2703 964 2743 Etruscorum
995 2718 1066 2743 rex
1096 2718 1160 2755 ap.
1190 2704 1553 2745 Pseudo-Plutrch.
1584 2705 1656 2744 uit.
1686 2704 1832 2754 parali.
1867 2705 1977 2745 breu.
2007 2704 2090 2754 XL,
2119 2705 2234 2744 cuius
2261 2708 2369 2744 esset

280 2768 395 2808 Salia
424 2766 675 2814 filia‚1anus
705 2767 840 2807 dictus
869 2771 941 2807 est.
999 2768 1115 2815 Quod
1145 2770 1336 2819 quoniam
1366 2772 1428 2807 est
1457 2768 1544 2807 ueri
1566 2768 1708 2813 simile,
1732 2782 1781 2807 ne
1798 2782 1942 2809 nomen
1959 2768 2123 2819 quidem
2140 2767 2231 2807 Iani
2250 2771 2367 2807 tusca

281 2832 440 2884 origine
483 2844 569 2871 esse
612 2835 756 2882 potest.
819 2830 919 2872 Cum
950 2833 1056 2872 enim
1085 2831 1127 2872 C.
1157 2832 1200 2873 O.
1234 2832 1407 2873 Mueller
1436 2832 1523 2872 Etr
1555 2831 1619 2871 111
1648 2846 1686 2883 p.
1716 2833 1765 2873 58
1794 2832 2114 2873 demonstrasset
2142 2843 2366 2872 sermonem

280 2902 455 2943 tuscum,
486 2897 552 2934 cui
582 2896 770 2949 Illittera
799 2897 969 2946 deesset,
1000 2897 1221 2936 abhorrere
1250 2910 1275 2935 a
1305 2909 1402 2935 uoce
1432 2895 1534 2940 Iani,
1565 2895 1720 2935 Deecke
1750 2895 1839 2935 Etr.
1869 2896 2032 2936 Forsch
2063 2895 2133 2935 1V.
2163 2897 2214 2937 25
2243 2896 2367 2935 disse-

280 2961 378 3005 ruit,
413 2960 455 2999 iu
486 2964 745 2999 monumento
774 2973 894 3000 aereo
923 2959 1008 3004 illo
1039 2960 1145 3010 quod
1162 2950 1325 2998 abhinc
1354 2959 1493 2998 decem
1524 2971 1651 2998 annos
1680 2959 1732 2998 ad
1762 2959 2017 2998 Placentiam
2046 2959 2261 2998 inuentum
2290 2962 2364 3004 est,

280 3027 399 3063 tusca
441 3021 645 3062 uocabula
688 3023 767 3061 Ani
810 3026 852 3061 et
883 3021 963 3062 Uni
992 3035 1078 3062 esse
1108 3023 1237 3061 latine
1268 3022 1412 3062 Ianum
1443 3025 1485 3061 et
1513 3021 1719 3061 Iunonem.
1776 3022 1855 3062 Sed
1884 3023 1992 3061 enim
2021 3026 2085 3062 est
2113 3021 2164 3061 de
2192 3021 2268 3061 hoc
2296 3034 2364 3061 no·
2409 3067 2415 3073 ‚

285 1048 417 1088 traria
458 1054 502 1086 et
544 1048 652 1086 inter
681 1060 722 1086 se
752 1047 899 1094 relata,
929 1060 1001 1098 per
1030 1060 1189 1087 omnem
1219 1060 1356 1086 rerum
1386 1051 1577 1086 naturam
1603 1046 1755 1086 diffusa
1783 1059 1882 1087 esse.
1940 1047 2068 1087 Acute
2097 1047 2166 1088 ille
2195 1047 2376 1099 quidem,
2584 1036 2648 1105 Τῇξς

284 1111 354 1152 sed
399 1112 530 1151 minus
572 1111 626 1151 ad
656 1111 983 1161 persuadendum
1013 1115 1121 1162 apte,
1153 1112 1261 1162 quod
1293 1125 1340 1151 ne
1373 1111 1542 1151 Romani
1572 1110 1735 1162 quidem
1765 1111 2039 1162 antiquissimi
2069 1119 2152 1150 tam
2183 1124 2374 1162 praesen·
2591 1106 2648 1167 ,3:3-

287 1177 339 1215 tis
367 1175 433 1215 dei
461 1176 545 1215 uim
575 1175 635 1215 ita
663 1176 812 1214 animis
840 1176 1294 1225 concipere-potuerunt
1323 1178 1369 1213 ut
1398 1174 1501 1214 nibil
1530 1177 1637 1214 esset
1666 1173 1777 1213 aliud
1807 1186 1930 1225 quam
1958 1173 2137 1214 ambitus
2153 1174 2264 1214 notio
2278 1175 2370 1220 uni·
2536 1212 2551 1225 „
2588 1157 2648 1227 ,ἐξ

286 1253 406 1280 uersa
448 1244 490 1280 et
535 1253 561 1279 a
590 1239 774 1279 sensibus
804 1243 963 1280 remota
993 1238 1140 1289 (⁷’diese
1170 1238 1361 1278 Gottheit
1390 1238 1431 1277 in
1460 1238 1574 1277 ihrer
1603 1238 1821 1277 formlosen
1850 1237 2141 1278 Abstraktion”
2170 1237 2316 1278 Nissen
2348 1238 2373 1278 l.
2584 1230 2648 1295 ,ξ

284 1317 316 1343 c.
348 1317 386 1355 p.
417 1304 529 1353 229).
2160 1341 2175 1344 ,

392 1368 440 1406 In
470 1372 589 1406 tanta
618 1368 868 1406 dissensione
898 1368 972 1406 hoo
1002 1381 1128 1405 unum
1157 1370 1331 1416 apparet
1360 1367 1552 1405 Romanis
1573 1367 1671 1416 ipsis
1687 1366 1780 1405 inde
1796 1366 1848 1405 ab
1865 1366 1915 1405 iis
1931 1367 2183 1416 temporibus
2198 1379 2370 1417 quorum
2524 1397 2527 1400 Α
2575 1358 2581 1363 ’

284 1431 406 1482 primi
436 1434 602 1470 exstant
630 1430 679 1470 de
709 1430 785 1470 hac
815 1443 858 1470 re
887 1434 1090 1475 auctores,
1120 1430 1201 1469 uim
1233 1429 1322 1469 Iani
1351 1429 1482 1468 fuisse'
1510 1429 1737 1469 obscuram.
1793 1428 2067 1477 Quamobrem
2097 1430 2283 1481 quaestio
2311 1429 2369 1470 ita
2592 1417 2648 1499 L}
