2648 3533
358 421 651 528 {aL—Dardano
692 447 916 517 institutes,
958 470 1029 522 qni
1039 406 1434 523 samothracibusn
1423 469 1488 510 dis
1515 472 1631 509 sacra
1660 468 1951 520 persoluerent-
2005 467 2066 508 Cf.
2095 437 2205 510 Plut.
2234 467 2356 521 Num.

260 545 316 585 :pv
340 526 452 585 135,
464 533 491 574 8
517 531 557 573 S.
611 531 841 586 corruptus
868 546 916 573 ac
944 533 1210 586 perturbatus
1237 533 1349 574 locus
1377 537 1440 574 est
1466 532 1711 572 scholiastae
1739 532 1781 571 P.
1810 531 1993 573 Danielis
2020 532 2073 572 ad
2096 534 2192 574 Aen.
2212 532 2257 572 Π
2277 533 2356 574 325

199 595 225 628 ν’
249 595 260 647 J
277 587 357 638 ”et-
361 584 670 656 Samothraces
712 597 857 638 horum
899 599 1021 649 (quos
1063 599 1220 640 Aeneas
1248 598 1432 644 aduexit)
1460 598 1669 650 penatium
1699 597 1907 638 antistites
1933 610 2028 638 suos
2053 597 2110 647 (9)
2138 598 2353 643 uocabant.

276 652 359 719 ᾳιιι
374 666 530 724 postea
544 675 569 702 a
597 662 790 708 Romanis
815 660 917 703 Salii
946 661 1142 714 appellati
1171 665 1278 706 sunt,
1299 661 1342 702 hi
1360 662 1466 702 enim
1487 673 1605 701 sacra
1624 660 1838 701 Penatium
1861 661 2101 711 curabant”;
2121 665 2258 703 tamen
2280 662 2355 703 hoc

277 739 367 769 ιιοιι·
384 724 479 767 ab
465 739 554 781 ipso
581 725 745 778 quidem
776 738 861 766 esse
890 725 1026 765 fictum
1056 729 1228 778 apparet
1255 725 1361 777 quod
1391 724 1444 764 ad
1473 725 1548 764 hoc
1576 724 1770 764 scholium
1798 729 1839 764 et
1858 724 2056 764 Varronis
2077 728 2118 765 et
2137 724 2293 776 Nigidii
2312 729 2355 766 et

233 840 236 843 Ι
276 788 410 846 Caesii
437 789 626 830 doctrina
652 802 748 830 usus
777 793 850 830 est.
907 788 1022 829 Idem
1051 789 1157 828 enim
1188 789 1407 829 scholiasta
1435 789 1493 828 sic
1520 788 1657 839 pergit
1685 787 1835 827 dicere:
1864 787 1988 838 ”quos
2016 791 2151 828 tamen
2181 788 2356 829 Penates

277 834 349 895 alii
388 852 616 906 Apollinem
659 856 701 893 et
746 851 978 904 Neptunum
1021 852 1183 898 uolunt;
1227 852 1299 892 alii
1340 852 1525 891 hastatos
1568 864 1666 898 esse
1710 852 1819 891 etin
1849 852 1963 903 regia
1991 853 2143 903 positos
2171 852 2353 893 tradunt.

276 915 396 957 Tusci
437 915 612 956 Penates
653 914 839 955 Cererem
869 915 1008 955 Palem
1051 919 1093 954 et
1135 914 1357 955 Fortunam
1385 927 1472 954 esse
1501 914 1675 954 dicuut”.
1732 913 1837 954 Nam
1865 914 2073 965 Nigidius
2064 928 2145 966 ap.
2176 915 2354 956 Macrob.

235 1019 237 1021 ,
276 978 358 1019 ΙΠ.
400 979 436 1019 4.
467 979 503 1018 6.
545 983 715 1030 penates
756 978 1023 1019 Troianorum
1052 978 1154 1018 dicit
1181 991 1267 1018 esse
1297 977 1525 1028 Apollinem
1554 982 1596 1018 et
1624 977 1877 1029 Neptunum
1906 978 2062 1018 hastati
2090 982 2226 1019 autem
2258 983 2355 1019 sunt

232 1064 235 1067 ,
276 1041 339 1082 illi
380 1039 541 1082 νεανίαι
582 1040 658 1081 δύο
699 1040 930 1093 καθήμενοι
976 1039 1132 1091 δόρατα
1177 1039 1453 1093 διειληφότες,
1501 1054 1601 1092 quos
1646 1042 1840 1092 templum
1883 1054 1999 1080 suum
2044 1041 2196 1082 habere
2229 1046 2271 1082 et
2311 1044 2353 1081 in

275 1105 436 1157 aliquot
475 1104 640 1156 templis
681 1105 858 1145 romanis
901 1103 1077 1155 conspici
1110 1103 1325 1156 Dionysius
1359 1103 1497 1155 Antiq.
1529 1117 1627 1144 rom.
1663 1105 1697 1144 Ι.
1727 1106 1775 1144 67
1806 1117 1895 1155 sqq.
1925 1104 2045 1153 dicit3
2074 1104 2230 1145 confusi
2258 1109 2356 1146 sunt

277 1182 396 1222 saepe
424 1169 467 1209 hi
495 1172 537 1209 et
564 1168 709 1210 Castor
736 1167 976 1220 Pomaque,
1006 1181 1106 1220 quos
1136 1168 1267 1209 Varro
1295 1181 1357 1219 ap.
1389 1167 1504 1209 Seru.
1534 1167 1599 1208 ad.
1636 1168 1732 1208 Aen.
1763 1168 1847 1208 III.
1878 1169 1925 1207 12
1954 1180 2122 1219 magnos
2151 1168 2248 1209 deos
2267 1181 2354 1209 esse

277 1233 389 1281 dicit,
432 1232 592 1273 eosdem
634 1228 827 1279 Penates3
860 1230 1027 1270 Caesius
1055 1231 1228 1282 denique
1257 1244 1322 1282 ap.
1352 1231 1505 1271 Arnob.
1534 1230 1612 1270 ΙΙΙ.
1642 1232 1693 1270 40
1721 1232 1942 1271 Fortunam
1972 1235 2014 1271 et
2041 1229 2243 1279 Cererem,
2272 1232 2350 1271 Ge-

276 1297 388 1337 nium
429 1295 628 1336 Iouialem
663 1308 712 1335 ac
739 1294 879 1336 Palem
908 1298 1078 1346 penates
1105 1295 1298 1334 nominat.
1354 1294 1433 1335 Sed
1461 1309 1511 1335 ex
1541 1295 1654 1335 nulla
1683 1296 1829 1336 harum
1857 1296 2065 1336 rationum
2094 1296 2353 1349 intellegitur

276 1372 350 1400 cur
391 1357 491 1413 Salii
532 1371 649 1398 sacra
691 1357 906 1398 Penatium
950 1371 1094 1398 curare
1129 1357 1331 1397 dicantur.
1390 1358 1447 1397 Ac
1475 1359 1607 1409 magis
1635 1373 1684 1399 ex
1713 1373 1758 1399 eo
1787 1359 1882 1399 talis
1911 1360 2047 1412 opinio
2077 1360 2187 1400 nasci
2218 1361 2352 1411 potuit

277 1422 398 1474 quod.
427 1427 475 1463 ut
496 1422 699 1462 Arnobius
719 1426 863 1463 auctor
881 1426 955 1468 est,
977 1421 1076 1462 ”non
1098 1421 1317 1462 defuerunt
1340 1422 1409 1472 qui
1430 1423 1655 1464 scriberent
1675 1424 1812 1465 Iouem
1835 1424 2033 1466 Iunonem
2053 1439 2102 1466 ac
2122 1424 2350 1466 Mineruam

277 1488 372 1528 deos
414 1483 597 1527 Penates*
627 1487 839 1536 existere⁷⁹3
881 1501 973 1528 nam
1018 1487 1088 1526 hos
1122 1486 1218 1525 deos
1247 1485 1344 1526 Salii
1374 1488 1623 1527 carminibus
1652 1489 1965 1529 uenerabantur.
2018 1487 2095 1529 Sed
2125 1488 2199 1528 illa
2228 1502 2352 1530 causa

31 1593 51 1599 ¹,
104 1596 106 1599 .
276 1551 374 1591 mihi
417 1551 582 1598 uidetur
610 1550 861 1602 probabilior
890 1551 997 1602 quod
1027 1556 1191 1602 praeter
1219 1555 1373 1591 cetoros
1402 1551 1590 1602 Iuppiter
1619 1555 1660 1592 et
1689 1552 1815 1592 Ianus
1843 1556 1885 1593 et
1922 1552 2118 1600 Quirinus
2150 1553 2350 1605 antiquis·

0 1612 29 1661 ἐῢ
61 1666 65 1669 ι
124 1643 127 1645 «
275 1616 388 1656 simis
415 1614 666 1666 temporibus
693 1638 744 1643 —
774 1618 820 1654 ut
848 1615 945 1654 mihi
975 1614 1138 1665 quidem
1169 1615 1334 1654 uidetur
1361 1638 1413 1643 ——
1440 1616 1648 1667 praesides
1675 1615 1715 1655 di
1745 1629 1792 1655 ac
1822 1615 1997 1656 Penates
2024 1615 2164 1668 populi
2192 1618 2349 1658 romani

47 1688 49 1691 ’
275 1679 407 1720 habiti
450 1682 563 1727 sunt;
605 1678 713 1728 quod
749 1691 838 1718 cum
868 1692 918 1719 ex
948 1678 1043 1719 aliis
1071 1682 1244 1730 apparet
1272 1682 1359 1718 tum
1388 1692 1438 1719 ex
1467 1693 1514 1720 eo
1543 1680 1650 1732 quod
1679 1680 1741 1719 his
1770 1680 1904 1720 tribus
1932 1680 1996 1720 dis
2023 1685 2191 1733 propter
2219 1682 2350 1734 spolia

275 1744 411 1795 opima
439 1756 555 1782 sacra
584 1742 670 1782 fieri
699 1742 957 1793 iubebantur,
991 1742 1094 1782 Fest.
1125 1756 1162 1793 p.
1199 1742 1281 1781 189.
1332 1743 1381 1781 In
1410 1757 1549 1783 eorum
1578 1744 1711 1783 tutela
1740 1743 1934 1783 dicuntur
1964 1743 2064 1783 Salii
2095 1758 2192 1784 esse.
2237 1745 2350 1786 Seru.

272 1807 328 1862 'ad
357 1807 454 1847 Aen.
486 1804 601 1847 VIII.
630 1805 707 1845 663
735 1804 898 1845 ”Sali0s.
928 1805 1005 1854 Qui
1034 1810 1131 1846 sunt
1159 1806 1199 1846 in
1229 1806 1361 1847 tutela
1390 1807 1512 1856 Iouis,
1541 1807 1700 1856 Martis,
1720 1806 1911 1855 Quirini”.
1958 1806 2018 1848 Cf.
2039 1808 2206 1862 Procop.
2227 1809 2348 1850 Goth.
2393 1849 2397 1851 .

275 1872 297 1910 I
339 1873 389 1911 25
418 1885 455 1922 p.
488 1871 569 1917 122-
604 1867 626 1906 ὁ
667 1867 712 1909 δὲ
753 1867 866 1916 Ιανὸς
907 1863 1025 1916 οὗτος
1064 1868 1140 1918 μὲν
1173 1864 1220 1920 ἦν
1259 1872 1339 1908 τῶν
1366 1868 1547 1921 ἀρχαίων
1575 1872 1687 1909 θεῶν
1714 1867 1783 1916 οὓς
1812 1870 1861 1924 δὴ
1891 1872 2074 1920 Ρωμαῖηι
2112 1871 2272 1926 γλώσσῃ
2299 1877 2352 1926 τῇ

275 1934 456 1987 σφετέρᾳ
497 1931 684 1986 Πένητας
723 1928 902 1971 ἐκάλουν.
972 1932 1034 1972 Ex
1077 1933 1151 1972 hoc
1194 1946 1353 1984 quoque
1395 1934 1481 1973 eius
1523 1935 1581 1974 rei
1623 1947 1787 1974 causam
1829 1938 2015 1986 repetere
2057 1936 2197 1987 possis.
2249 1934 2349 1976 Cum

274 1997 471 2039 caelestes
511 1997 608 2037 deos
650 1995 751 2037 Salii
792 1996 1043 2037 carminibus
1076 1996 1477 2048 comprehenderent.
1507 1998 1536 2037 ii
1565 1999 1635 2049 qui
1665 1998 1760 2038 deos
1789 1999 1999 2039 duodecim
2029 1998 2248 2039 Consentes
2278 2013 2349 2050 pro

274 2060 518 2103 Penatibus*
541 2060 761 2107 habebant,
803 2073 925 2112 quam
959 2061 1082 2100 etiam
1119 2061 1361 2101 sententiam
1391 2061 1565 2113 protulit
1596 2062 1724 2103 Varro
1753 2076 1817 2114 ap.
1849 2062 1997 2103 Arnob.
2027 2063 2052 2102 1.
2082 2076 2114 2103 c.
2138 2070 2179 2103 et
2210 2063 2350 2103 Marti-

274 2139 398 2166 anum
426 2125 461 2164 Ι.
489 2126 552 2165 41.
583 2124 710 2176 Eyss.,
754 2123 874 2164 Saliis
915 2138 1054 2165 euram
1089 2137 1248 2176 quoque
1278 2124 1492 2166 Penatium
1521 2126 1819 2166 attribuebant.
1874 2125 1994 2167 Certe
2022 2140 2101 2167 non
2130 2131 2350 2178 potuerunt

273 2188 404 2240 primo
447 2187 545 2228 Salii
588 2188 811 2240 quidquam
840 2187 893 2227 ad
922 2187 1205 2228 Samothraces
1232 2188 1328 2228 deos
1355 2189 1570 2240 pertinere.
1626 2189 1857 2229 Scholiasta
1890 2190 2019 2240 igitur
2056 2190 2233 2229 Danielis
2262 2204 2348 2230 rem

274 2252 480 2300 turbauit;
523 2252 592 2291 sed
634 2251 705 2291 ille
746 2251 860 2290 locus
905 2265 981 2291 non
1017 2252 1180 2291 uidetur
1214 2265 1300 2291 esse
1330 2252 1500 2301 integer.
1558 2251 1662 2292 Utut
1690 2257 1763 2302 est,
1794 2253 1893 2292 nihil
1924 2253 2023 2292 lucis
2051 2253 2103 2292 ad
2135 2253 2209 2293 hoc
2235 2253 2345 2303 qnod

0 2306 48 2364 i}
274 2315 508 2364 quaerimus
535 2327 586 2360 ex
613 2327 660 2354 eo
689 2313 776 2354 loco
805 2313 989 2354 affertur.
1034 2312 1112 2353 Sed
1141 2312 1192 2353 de
1222 2313 1463 2352 Axamentis
1497 2313 1596 2353 haec
1630 2314 1839 2354 hactenus.

0 2368 35 2387 '''⁷
380 2376 561 2430 Singulis
581 2377 644 2416 dis
663 2377 813 2428 quibus
832 2377 931 2417 facti
950 2390 976 2416 a
995 2376 1223 2428 quibusque
1243 2377 1515 2427 cognominati
1531 2370 1613 2416 sint
1628 2389 1770 2416 uersus
1786 2376 1984 2417 Saliorum
2002 2389 2200 2427 quaerere
2216 2390 2348 2429 aeque

275 2442 475 2481 lubricum
505 2444 578 2480 est.
608 2441 778 2480 Praeter
806 2444 962 2479 ceteros
990 2441 1085 2480 deos
1113 2439 1250 2479 Iouem
1282 2440 1423 2478 Ianum
1454 2439 1665 2486 Quirinum
1695 2454 1720 2479 a
1748 2439 1869 2479 Saliis
1899 2441 2117 2480 honoratos
2146 2455 2233 2481 esse
2257 2444 2347 2483 ueri

273 2503 404 2553 simile
432 2505 496 2544 est
523 2507 690 2555 propter
718 2503 793 2543 hoc
821 2502 927 2554 quod
948 2502 1129 2554 proxime
1149 2502 1252 2551 dixi;
1282 2503 1456 2542 maxime
1476 2515 1573 2542 uero
1593 2502 1740 2542 Martis
1762 2502 1902 2544 laudes
1922 2503 2130 2545 celebrare
2149 2518 2348 2558 opemque

274 2567 492 2620 implorare
528 2567 709 2619 oportuit
749 2579 830 2612 eos,
860 2567 930 2616 qui
959 2565 1104 2605 Martis
1132 2570 1278 2611 essent,
1309 2570 1354 2604 ut
1383 2566 1483 2605 dicit
1511 2566 1646 2606 Varro
1676 2580 1739 2618 ap.
1769 2566 1880 2607 Seru.
1912 2568 1965 2607 ad
1996 2567 2107 2607 VIII.
2138 2569 2227 2613 285.
2257 2569 2349 2621 (ubi

229 2669 232 2673 .
272 2632 379 2685 quod
409 2632 539 2673 Varro
567 2632 617 2671 de
645 2632 771 2671 sacris
800 2630 989 2671 Herculis
1017 2630 1119 2670 dicit
1146 2630 1200 2669 ad
1228 2629 1465 2670 Tiburtinos
1493 2629 1623 2670 Salios
1644 2631 1811 2671 uidetur
1831 2633 2070 2683 pertinere),
2090 2638 2132 2672 et
2154 2632 2294 2674 Liuius
2313 2633 2348 2673 Ι.

272 2697 337 2737 20.
365 2697 401 2741 4,
431 2702 474 2737 et
504 2696 704 2736 Lucianus
732 2694 782 2735 de
811 2693 910 2735 Salt.
941 2694 1002 2734 20.
1044 2693 1158 2742 Quod
1188 2692 1408 2746 Dionysius
1437 2695 1493 2743 (u.
1515 2695 1609 2734 Ant.
1630 2708 1729 2734 rom.
1751 2693 1995 2744 11.70;111.
2016 2694 2079 2746 32)
2095 2695 2197 2737 dicit
2216 2696 2349 2738 Salios

274 2761 416 2802 laudes
458 2760 699 2800 militarium
740 2759 907 2800 deorum
949 2771 1093 2799 canere
1122 2762 1312 2806 armatos,
1342 2754 1379 2796 oi
1420 2756 1571 2799 Σάλιοι
1606 2756 1796 2810 χορευταί
1823 2758 1933 2806 τινές
1962 2756 2047 2798 εἱσι
2076 2759 2145 2798 καὶ
2175 2758 2347 2812 ὑμνηταὶ

270 2830 352 2866 τῶν
392 2823 578 2865 ἐνόπλων
617 2826 740 2870 θεῶν,
775 2827 934 2874 spectat
962 2823 1013 2863 ad
1043 2822 1217 2863 Martem
1247 2823 1459 2870 Quirinum
1489 2823 1686 2864 Pauorem
1717 2823 1931 2871 Pauorem,
1963 2824 2013 2866 de
2041 2838 2126 2876 qua
2154 2839 2197 2866 re
2225 2825 2348 2866 aliter

272 2887 499 2941 Dionysius,
542 2887 664 2928 aliter
706 2886 871 2927 Seruius
907 2885 932 2926 l.
963 2899 1009 2935 c.‚
1037 2886 1103 2926 hic
1131 2886 1327 2926 disserere
1356 2886 1456 2926 mihi
1484 2886 1535 2926 ad
1565 2887 1647 2927 alia
1675 2902 1722 2929 ac
1752 2888 1916 2928 diuersa
1944 2890 2179 2941 properanti
2212 2888 2348 2929 nullus

272 2952 383 2993 locus
411 2955 485 2992 est.
543 2951 690 2991 Verum
721 2964 770 2990 ex
799 2951 922 2991 certis
950 2952 1203 3002 argumentis
1231 2954 1404 3002 apparet
1433 2950 1562 2990 Salios
1590 2950 1717 2990 Marti
1747 2965 1824 2991 non
1853 2952 1973 2992 modo
2001 2956 2048 2992 ut
2077 2952 2194 2992 bellis
2221 2964 2345 3003 praee·

271 3017 414 3068 posito,
445 3015 514 3055 sed
543 3016 668 3056 etiam
698 3020 744 3055 ut
772 3015 881 3055 ueris
909 3028 957 3054 ac
986 3016 1081 3054 noui
1109 3014 1204 3054 anni
1233 3014 1308 3053 deo
1328 3027 1446 3053 sacra
1464 3014 1660 3054 solemnia
1679 3015 1897 3066 peregisse.
1943 3016 2051 3056 Item
2071 3016 2197 3055 ceteri
2217 3015 2345 3055 caele·

270 3083 354 3123 stes
381 3073 490 3131 quod
520 3082 785 3132 tempestates
803 3091 1021 3130 rerumque
1043 3081 1230 3118 naturam
1254 3077 1564 3117 moderarentur
1585 3079 1773 3129 vitaeque
1793 3078 1994 3119 humanae
2013 3082 2150 3119 essent
2168 3084 2346 3118 rectores
