2648 3533
529 304 626 391 mn
614 332 707 387 pru
728 288 943 380 Saturno·
969 300 1125 388 (aliter
1139 332 1312 376 Gorssen
1339 334 1426 375 Btr.
1456 348 1488 375 z.
1515 334 1571 375 It.
1600 333 1717 387 Sprk.
1747 348 1786 387 p.
1815 335 1893 376 313
1921 337 1963 375 et
1994 332 2023 372 F
2025 334 2092 375 ick
2116 289 2388 387 Spracheinli,

230 381 253 456 ’ἧ
296 386 377 450 ἃ.
378 387 537 455 Ῑιιᾶος
577 409 644 452 p
635 398 743 439 148
778 402 821 440 et
856 394 969 441 510h'.
989 397 1188 447 Schmidt,
1223 397 1351 440 Verw.
1381 398 1492 440 verb.
1520 398 1559 439 d.
1588 397 1730 451 Indog.
1761 398 1800 439 S.
1828 412 1868 451 p.
1896 399 1961 445 66,
1996 399 2113 440 cuius
2145 397 2392 442 sententiam

166 461 169 465 ’
190 470 197 474 ·
259 448 524 516 sequitui·
531 461 650 503 Pauli
676 460 785 502 altit.
814 448 930 502 stud.
959 461 1018 502 IV
1046 475 1084 514 p
1114 462 1186 514 50)
1212 465 1259 502 ut
1287 462 1422 503 saecla
1448 475 1523 525 pro
1550 462 1683 510 seclis,
1710 475 1837 514 caepa
1862 475 1935 514 pro
1963 469 2064 514 cepa
2082 466 2243 515 (caepaz
2263 466 2415 524 oelput

313 544 351 558 -
354 523 619 574 Saeturnus?
650 523 858 566 saeclum:
900 524 1040 576 Situs)
1080 525 1218 577 saepio
1252 538 1393 577 saepes
1420 538 1495 578 pro
1523 532 1618 577 sepe
1647 526 1776 577 sepi03
1806 528 2008 576 postremo
2035 525 2101 567 hic
2127 526 2228 568 deus
2254 527 2392 569 dictus

311 592 376 630 est
415 586 626 630 Saturnus
659 592 734 629 aut
759 584 1097 641 quemadmodum
1126 592 1240 629 sator
1268 593 1369 630 sata.
1405 592 1479 629 aut
1506 588 1616 639 quod
1644 588 1882 629 aduenticia
1910 602 1990 630 uox
2019 591 2235 641 genuinam
2263 604 2390 643 pepu-

312 641 435 696 lerat,
476 657 575 692 nam
613 655 727 692 tusce
768 652 890 693 fuisse
932 662 1025 693 eum
1068 652 1187 693 Satre
1222 658 1409 693 auctores
1437 656 1534 692 sunt
1561 651 1749 692 Gerhard
1767 652 1869 692 ..Ges
1901 650 2002 692 Abh
2032 654 2065 691 Ι.
2095 653 2175 693 314
2201 657 2244 694 et
2270 653 2313 694 C.
2343 655 2387 693 O.

314 712 490 757 Mueller
517 713 605 754 Etr.
635 713 679 754 II
708 715 755 756 57
786 727 845 766 sq.
874 719 914 756 et
942 715 1102 757 Deecke
1130 715 1175 755 E
1205 715 1248 756 F
1278 716 1334 756 IV
1363 717 1424 757 65.
1459 739 1501 745 —
1533 714 1612 756 Sed
1641 714 1762 756 redeo
1791 715 1841 755 ad
1872 715 2028 756 Ianum
2084 715 2198 764 Quod
2227 717 2280 758 ad
2307 719 2389 758 ori·

312 778 446 829 ginem
489 779 577 819 eius
620 779 794 819 nominis
826 780 989 827 attinet,
1023 783 1071 819 ut
1099 779 1285 820 omittam
1314 793 1381 821 eos
1409 780 1479 831 qui
1508 779 1652 820 Ianum
1681 782 1723 819 et
1752 778 1988 819 Ianuarium
2015 779 2126 820 dicta
2153 793 2240 821 esse
2268 786 2387 832 puta-

312 841 413 883 bant
440 855 465 882 a
494 842 640 892 Ianua,
666 843 707 882 in
737 856 817 893 quo
846 856 1014 884 numero
1042 847 1140 883 sunt
1168 843 1445 884 Tertullianus
1479 844 1529 884 de
1563 844 1706 883 Idolol.
1742 857 1773 882 c.
1806 845 1853 883 15
1883 848 1925 883 et
1953 844 2003 884 de
2033 842 2175 884 Coron.
2205 858 2236 884 c.
2273 845 2319 883 13
2347 849 2389 884 et

310 903 554 947 Censorinus
582 919 616 946 c.
652 906 701 946 22
729 909 771 946 et
800 905 1063 958 Demophilus
1090 919 1154 958 ap.
1185 905 1284 959 Lyd.
1313 906 1362 947 de
1391 920 1515 947 mens.
1545 907 1582 946 2.
1611 920 1648 958 p.
1683 907 1756 947 148
1787 906 1844 949 R..
1875 910 1916 946 et
1943 911 1989 947 ut
2018 920 2095 948 non
2124 906 2257 948 dicam
2289 907 2387 949 Ver-

310 970 418 1010 rium
448 969 649 1021 Flaccum,
680 971 749 1022 qui
779 984 846 1021 ap.
875 970 1048 1010 Paulum
1079 970 1188 1010 Festi
1216 984 1254 1022 p.
1285 972 1333 1009 52
1363 972 1508 1011 Ianum
1540 972 1657 1021 quasi
1679 970 1856 1010 Hianum
1877 971 2081 1022 appellari
2099 972 2226 1023 ponit,
2248 970 2389 1012 Cicero

311 1031 455 1073 Ianum
485 1032 537 1073 ab
566 1033 720 1074 eundo
749 1034 1001 1076 nominatum
1030 1033 1132 1074 dicit
1159 1032 1208 1072 N.
1237 1033 1283 1073 D.
1313 1033 1354 1073 II
1383 1033 1405 1085 §
1434 1034 1497 1073 67.
1555 1033 1640 1073 Hoc
1670 1033 1940 1085 ueriloquium
1970 1035 2183 1078 incertum,
2213 1034 2281 1074 sed
2310 1046 2387 1075 non

234 1118 239 1122 -
310 1096 657 1136 contemnendum.
702 1095 806 1135 Nam
836 1109 965 1148 aeque
994 1095 1146 1153 radicis
1175 1096 1354 1136 uerbalis
1382 1098 1423 1136 ei
1459 1096 1664 1136 leuissima
1694 1096 1838 1144 forma,
1867 1109 1955 1136 cum
1987 1102 2177 1137 accentus
2206 1098 2313 1137 omni
2343 1098 2383 1137 ui

309 1163 481 1207 careret,
524 1160 565 1199 in
607 1160 891 1199 semiuocalem
938 1160 953 1209 i
994 1162 1089 1199 ante
1130 1159 1312 1200 uocalem
1356 1160 1506 1198 mutari
1541 1160 1676 1209 potuit
1704 1161 1904 1199 communi
1935 1160 2023 1211 lege
2052 1160 2384 1211 indogermanica

311 1246 354 1251 —
386 1222 502 1262 cuius
543 1222 652 1262 haud
686 1235 818 1274 pauca
845 1222 1032 1274 exempla
1060 1221 1222 1262 Osthoff
1247 1221 1299 1261 M.
1330 1220 1377 1261 U.
1408 1224 1437 1261 t.
1467 1221 1523 1261 IV
1553 1222 1725 1273 protulit
1756 1246 1801 1251 ——
1833 1227 1956 1274 atque
1986 1237 2062 1274 par
2089 1223 2383 1274 pronominalis

307 1285 458 1325 radicis
499 1286 542 1325 ei
583 1285 791 1329 leuissima
836 1285 967 1325 forma
1007 1285 1035 1332 i,
1076 1286 1109 1324 si
1151 1289 1408 1324 accesserunt
1447 1285 1676 1325 thematum
1718 1286 1876 1326 uocales
1890 1300 1961 1357 „1³
1990 1300 2032 1326 -o
2059 1300 2099 1327 -e
2129 1287 2204 1326 has
2231 1287 2383 1327 formas

1995 1341 2046 1358 A

239 1388 243 1393 -
307 1359 411 1399 alias
452 1360 493 1399 in
535 1360 628 1400 aliis
670 1359 820 1411 linguis
863 1359 1206 1411 indogermanicis
1234 1359 1387 1399 reddit:
1422 1360 1478 1409 ιο·
1512 1360 1581 1408 ie,
1615 1361 1684 1408 ie-‚
1718 1360 1775 1409 ia·
1805 1362 1860 1410 (et
1888 1372 1965 1405 eo-,
1995 1362 2079 1408 ea-)
2110 1373 2203 1400 nam
2232 1373 2381 1401 uanam

306 1422 425 1475 fingit
468 1423 646 1464 Vanieek
688 1423 767 1464 lex.
805 1423 897 1464 lat-²
932 1438 970 1476 p.
1000 1425 1079 1466 224
1106 1422 1286 1463 radicem
1314 1423 1633 1474 pronominalem
1667 1424 1739 1473 ia„
1768 1437 1873 1474 quae
1901 1423 1980 1464 fuit
2008 1436 2242 1474 numquam.
2298 1424 2381 1465 Ita-

300 1499 397 1542 que,
440 1492 486 1530 ut
514 1501 538 1528 a
567 1490 694 1539 stirpe
722 1487 992 1540 pronominali
1021 1487 1187 1527 ductum
1218 1491 1280 1526 est
1315 1486 1535 1536 *i-a-smi
1564 1487 1655 1525 iam
1686 1486 2008 1539 monosyllabum
2038 1488 2171 1536 (cuius
2201 1492 2337 1528 tamen
2366 1488 2380 1527 i

305 1550 487 1604 syllabae
529 1552 610 1591 uim
659 1565 732 1603 per
773 1550 1114 1603 compositionem
1143 1553 1278 1603 potest
1318 1563 1578 1602 recuperare:
1629 1550 1839 1602 ”quoniam
1882 1551 2050 1591 sordent
2092 1551 2169 1591 tibi
2211 1564 2381 1592 munera

305 1615 465 1657 nostra”
508 1616 658 1668 Verg.),
702 1616 800 1658 item
841 1630 866 1656 a
908 1615 1067 1657 uerbali
1110 1615 1236 1667 stirpe
1278 1614 1358 1655 diei
1393 1614 1529 1666 potuit
1562 1614 1720 1663 I-ano·s
1754 1614 2013 1668 disyllabum,
2044 1616 2162 1667 quasi
2191 1615 2380 1657 incedens

305 1678 448 1730 (caelo)
490 1679 602 1725 deus,
644 1679 753 1730 quod
794 1679 847 1719 ad
888 1678 1013 1719 solem
1056 1678 1365 1731 significandum
1406 1683 1469 1719 est
1510 1680 1777 1731 aptissimum.
1847 1679 1912 1720 Sic
1954 1680 2216 1728 Vom·anu-s,
2262 1682 2379 1732 quasi

305 1756 481 1792 uomens,
522 1742 692 1792 fluuius;
727 1743 911 1783 Len-ana
938 1744 1056 1794 quasi
1083 1736 1227 1782 leuans
1254 1743 1343 1788 dea,
1373 1743 1595 1783 Vor-anu-s
1623 1743 1692 1782 ille
1720 1757 1784 1794 ap.
1814 1743 2042 1790 Horatium,
2071 1744 2187 1793 quasi
2217 1754 2378 1783 uorans.

303 1804 547 1865 ”Suffixum”
588 1806 694 1846 enim
737 1812 890 1850 -anus,
931 1805 1038 1857 quod
1080 1804 1257 1846 Schnorr
1299 1818 1333 1844 v.
1368 1804 1593 1847 Carolsfeld
1627 1804 1815 1845 Woellffl.
1847 1805 1968 1846 Arch.
2000 1805 2031 1845 Ι.
2066 1805 2138 1846 183
2166 1806 2379 1858 positionis

303 1870 570 1909 secundariae
611 1870 799 1909 terminis
840 1869 1172 1920 circumscripsit,
1216 1872 1352 1908 tamen
1398 1869 1477 1908 fuit
1524 1870 1648 1908 etiam
1695 1869 1991 1920 ”primarium”,
2032 1870 2156 1920 idque
2202 1870 2377 1908 maxime

230 1924 237 1929 ’
302 1934 437 1984 prisco
479 1946 602 1983 more,
631 1938 677 1973 ut
705 1933 757 1973 ab
787 1932 961 1972 arcendo
991 1932 1207 1973 ’arc-anus'
1236 1937 1278 1972 et
1304 1946 1353 1973 ea
1380 1946 1484 1983 quae
1512 1933 1613 1981 dixi3
1641 1938 1683 1973 et
1712 1933 1874 1984 quidem
1904 1933 1956 1973 ad
1985 1933 2081 1973 deos
2113 1934 2377 1983 nominandos

304 2000 392 2035 tum
435 1996 719 2048 ”primarium”
761 2000 847 2036 tum
890 1996 1174 2037 secundarium
1217 2000 1308 2036 erat
1351 1997 1452 2043 usui,
1501 2001 1548 2036 ut
1594 1996 1855 2037 Summ-anus
1897 1996 2102 2037 Silu-anus
2147 1997 2375 2037 Vulc-anus

302 2059 535 2100 Patell-ana
565 2060 809 2101 praest-ana
840 2060 1086 2100 Vatis-anus
1114 2051 1301 2101 Len-ana
1330 2061 1543 2101 Tut-anus.
1592 2061 1645 2100 Et
1675 2061 1774 2101 haec
1803 2061 1999 2101 hactenus
2027 2062 2077 2100 de
2106 2062 2375 2113 originatione

303 2137 353 2164 ea
380 2136 505 2175 quam
533 2124 631 2165 fecit
656 2123 811 2166 Cicero.
1100 2137 1107 2142 ·

409 2187 492 2229 Illa
533 2202 661 2240 aeque
703 2189 860 2229 incerta
900 2188 1123 2239 eademque
1164 2189 1320 2240 pariter
1351 2187 1558 2237 ⁴notabilis
1599 2188 1844 2240 etymologia
1885 2188 1990 2239 quod
2035 2181 2175 2228 dicunt
2202 2188 2373 2228 Ianum

301 2265 388 2292 esse
429 2265 454 2292 a
496 2252 731 2305 Di(u)ano.
787 2252 836 2293 Ei
878 2254 936 2293 rei
979 2254 1086 2293 uiam
1122 2252 1469 2304 praemonstrauit
1502 2250 1691 2302 Nigidius
1720 2251 1889 2302 Figulus
1918 2256 2022 2292 teste
2050 2251 2256 2291 Macrobio
2285 2251 2310 2290 l.
2339 2264 2372 2291 c.

301 2329 348 2356 eo
389 2315 498 2367 quod
540 2316 646 2356 dixit
686 2316 857 2356 Dianam
900 2330 986 2357 esse
1027 2316 1190 2364 Ianam;
1232 2315 1339 2366 quod
1368 2316 1401 2355 si
1437 2319 1578 2355 contra
1606 2316 1781 2366 accipias
1811 2327 1932 2365 quam
1961 2315 2066 2354 dixit
2095 2313 2297 2366 Nigidius,
2328 2318 2375 2355 ut

300 2379 418 2420 Iana
446 2381 500 2420 sit
528 2380 693 2424 Diana,
711 2380 893 2421 -fortasse
921 2393 1064 2420 uerum
1092 2383 1165 2420 est.
1209 2378 1313 2419 Nam
1343 2378 1473 2419 Varro
1502 2379 1547 2418 R.
1577 2378 1623 2417 R.
1644 2378 1666 2417 I
1687 2380 1749 2417 36.
1765 2380 1800 2417 3.
1848 2378 2121 2423 ”Tremellius‚
2150 2392 2374 2431 numquam

300 2455 395 2483 rure
435 2443 602 2493 audisti,
645 2444 790 2493 inquit,
832 2447 978 2483 octauo
1022 2443 1215 2493 †lanam
1244 2441 1420 2491 †lunam
1449 2445 1490 2481 et
1517 2446 1761 2480 crescentem
1791 2445 1832 2480 et
1859 2445 2001 2480 contra
2030 2445 2304 2482 senescentem
2332 2446 2375 2482 et

300 2519 405 2558 quae
432 2510 638 2546 crescente
658 2505 755 2545 luna
782 2506 870 2546 fieri
899 2509 1117 2558 oporteret,
1146 2509 1187 2545 et
1215 2508 1351 2544 tamen
1380 2504 1581 2554 quaedam
1610 2505 1754 2543 melius
1782 2504 1869 2544 fieri
1901 2509 1992 2554 post
2020 2509 2166 2544 octauo
2193 2505 2373 2546 flauam

299 2570 481 2621 †lunam
511 2583 634 2622 quam
664 2569 785 2610 ante?
840 2568 919 2609 Pro
947 2567 1149 2619 †lanam
1179 2568 1379 2619 †lunam
1409 2567 1589 2619 Angelus
1608 2568 1834 2608 Politianus
1853 2572 2030 2609 exeunte
2050 2569 2211 2610 saeculo
2230 2569 2374 2621 quinto

300 2636 455 2678 decimo
498 2636 607 2676 inter
648 2635 841 2676 lectiones
868 2634 928 2675 ed.
958 2634 1151 2687 principis
1178 2636 1381 2674 correctas
1409 2633 1571 2686 scripsit
1598 2632 1762 2673 Ianam
1794 2632 1969 2673 lunam.
2012 2633 2130 2674 'Eam
2159 2633 2374 2675 lectionem

300 2701 453 2752 recepit
494 2700 695 2751 Iosephus*
730 2698 911 2749 Scaliger
951 2698 1000 2737 de
1043 2701 1180 2738 uetere
1221 2711 1327 2737 anno
1362 2698 1473 2737 Rom.
1504 2696 1653 2736 Graeu.
1688 2697 1802 2736 Thes.
1833 2697 1936 2736 VIII
1966 2696 2039 2736 311
2072 2703 2114 2737 et
2141 2696 2373 2737 Coniectan.

299 2778 338 2817 p.
367 2765 430 2804 80.
486 2763 572 2816 Ego
600 2767 701 2815 puto
728 2762 908 2814 †lunam
937 2762 1171 2809 eie—iamiam,
1199 2768 1244 2801 ut
1273 2761 1461 2813 glossam,
1489 2765 1530 2801 et
1554 2764 1734 2812 utroque
1763 2760 1849 2801 loco
1878 2774 1952 2813 pro
1979 2761 2008 2813 †
2025 2761 2162 2802 lanam
2186 2761 2372 2813 †lunam

299 2825 536 2880 legendum:
567 2825 743 2868 Ianam.
786 2825 892 2866 Item
920 2839 984 2879 ap.
1014 2825 1310 2867 Tertullianum
1339 2825 1392 2865 ad
1420 2824 1516 2865 Nat.
1545 2824 1591 2864 II
1607 2838 1639 2865 c.
1672 2827 1720 2865 15
1750 2839 1786 2877 p.
1817 2825 1894 2864 606
1924 2824 1976 2865 M.
2007 2825 2173 2866 uidetur
2200 2838 2288 2866 esse
2316 2825 2374 2866 sic

252 2936 258 2939 ,
299 2891 536 2942 legendum:
577 2894 624 2930 et
665 2891 781 2930 diua
825 2891 1000 2940 Arquis
1030 2887 1088 2930 'et
1130 2890 1245 2930 Iana
1288 2890 1415 2938 (Lana
1457 2890 1606 2940 codd.)
1663 2889 1716 2927 Et
1758 2889 1950 2938 quoniam
1979 2903 2031 2928 ex
2061 2890 2257 2928 Varronis
2286 2889 2373 2929 loco

299 2958 473 3008 apparet
514 2953 656 2995 Ianam
698 2968 784 2995 esse
824 2953 992 3001 Lunam,
1035 2954 1226 2999 coniecto,
1269 2954 1301 2993 si
1329 2952 1428 2993 diua
1454 2953 1606 3004 Arquis
1634 2965 1775 2993 arcum
1803 2955 1845 2993 et
1873 2957 2087 3004 portarum
2116 2951 2193 2993 dea
2221 2955 2295 3003 est,
2325 2956 2372 2992 ut

244 3056 247 3058 .
299 3019 530 3074 suspicatur
570 3017 727 3059 Preller
768 3017 919 3070 Myth.³
951 3017 992 3058 II
1021 3017 1111 3067 220,
1152 3018 1255 3058 hanc
1296 3017 1464 3057 eandem
1507 3030 1594 3058 esse
1622 3016 1799 3065 Ianam,
1829 3019 1876 3056 ut
1904 3016 2028 3056 Ianus
2057 3017 2127 3068 qui
2155 3016 2372 3069 principali

299 3077 503 3135 potestate
544 3082 640 3122 solis
680 3083 760 3122 fuit
800 3095 962 3130 numen,
1002 3082 1109 3121 idem
1134 3085 1212 3131 <est
1239 3084 1461 3132 portarum.
1501 3080 1682 3131 *Ianum
1712 3086 1849 3119 autem
1880 3080 2061 3131 Scaliger
2088 3079 2290 3132 (Append.
2318 3080 2372 3120 ad
