2648 3533
325 532 564 583 quaerimus
591 544 714 574 ueras
742 532 902 573 formas
923 533 1097 591 genitiui
1126 537 1301 584 quartae
1329 532 1629 578 declinationis,
1658 531 1774 573 nulla
1801 512 1941 574 eoruin
1969 517 2091 583 ratio
2106 532 2120 544 ”
2137 521 2250 584 ⁷2³⁵

320 594 475 635 ——VOS
498 608 597 636 uero
623 596 850 647 antiquius,
881 596 990 648 quod
1020 600 1158 637 exstat
1187 601 1250 636 ter
1279 597 1477 648 scriptum
1506 597 1548 636 in
1583 595 1622 636 S.
1652 595 1694 635 C.
1725 595 1776 636 de
1803 595 1898 638 Bac.
1926 582 2224 655 SmffATvos
2227 591 2288 639 ὀῖ
2281 586 2472 654 w

322 672 415 700 cum
443 658 697 701 ZENATVO
729 661 788 700 17
818 659 842 699 3
871 658 1106 700 Schneider.
1163 660 1313 701 Verum
1346 668 1480 701 tamen
1509 660 1573 701 his
1602 660 1760 702 duobus
1788 659 1986 714 exemplis
2013 674 2094 703 non
2110 660 2256 704 modo
2259 650 2414 712 udu'e'ef-
2473 707 2475 710 ,

321 724 460 765 ficitur
501 727 664 766 ueteres
707 736 926 776 numquam
971 723 1098 765 IVtae
1126 724 1412 766 declinationis
1442 725 1668 775 genitiuum
1699 738 1771 777 per
1800 723 1954 767 —OVS
1980 724 2143 776 fecisse3
2170 723 2243 768 sed
2266 726 2436 791 stiffi
2474 757 2491 765 ..
2547 743 2551 745 >

323 802 415 829 cum
446 789 542 829 inde
571 788 625 829 ab
654 789 762 828 omni
792 793 972 840 tempore
1002 789 1040 828 in
1071 789 1187 828 libris
1216 789 1367 835 latinis,
1397 790 1430 828 si
1460 802 1484 828 a
1513 789 1652 841 paucis
1681 789 1811 839 iisque
1840 788 2010 830 incertis
2037 788 2285 839 disoesscris,
2297 786 2437 842 geni?-
2495 790 2497 792 ’

322 854 398 893 tiui
428 852 552 892 huius
581 852 869 892 declinationis
897 852 937 891 in
966 865 1080 892 —us
1109 852 1273 901 cadant,
1303 866 1382 893 non
1412 852 1581 892 dubium
1610 856 1672 892 est
1700 852 1801 903 quin
1832 854 1958 893 etiam
1973 853 2203 905 antiquitus
2219 861 2331 895 —ns
2343 846 2433 895 uel‘

326 917 463 968 potius
492 929 628 956 —ous
655 915 848 954 usitatior
877 915 1002 954 fuerit
1031 920 1182 967 quarta
1211 917 1485 957 declinatione
1513 917 1686 968 genitiui
1715 914 1964 958 terminatio.
2022 916 2077 957 Et
2102 918 2145 958 in
2160 917 2295 959 titulis
2308 918 2414 972 auti·
2556 958 2577 962 γ.

323 980 530 1032 quissimis
558 992 655 1020 casu
684 977 880 1019 accidisse
908 979 1134 1030 putandum
1165 984 1227 1020 est
1255 983 1303 1019 ut
1332 979 1447 1020 nulla
1476 979 1598 1020 huius
1627 980 1787 1031 generis
1816 980 1924 1021 inter
1952 983 2037 1020 tam
2067 993 2198 1033 pauca
2225 981 2417 1038 exempla*
2439 1012 2451 1020 κ
2487 984 2515 1019 .“
2574 994 2611 1017 2³

322 1047 572 1084 uetustatem
603 1043 772 1082 ferrent.
831 1041 970 1093 Neque
1000 1044 1106 1082 enim
1137 1052 1235 1083 --us
1264 1046 1439 1095 genitiui
1462 1045 1699 1084 terminatio
1716 1058 1787 1095 per
1803 1046 2124 1087 contractionem
2141 1045 2310 1086 uidetur
2323 1060 2413 1094 esse
2502 1052 2509 1057 ”
2541 1054 2546 1057 ’

324 1111 447 1151 facta.
504 1108 624 1150 Certe
654 1123 732 1149 non
762 1122 812 1148 ex
841 1121 1004 1160 ——uus,
1035 1122 1140 1161 quae
1170 1124 1242 1150 nec
1271 1111 1502 1162 antiquitus
1530 1109 1609 1150 fuit
1637 1109 1810 1161 genitiui
1841 1109 2076 1150 terminatio
2105 1123 2177 1150 nec
2205 1109 2412 1164 contrahi·
2456 1124 2459 1129 ’

322 1179 390 1216 tur
420 1175 497 1214 nisi
527 1173 732 1214 interdum
764 1186 924 1213 semone
955 1175 1137 1224 uulgari3
1166 1174 1408 1226 plerumque
1438 1174 1660 1226 geminatio
1690 1173 1855 1214 litterae
1884 1173 1918 1213 V
1947 1178 2110 1215 retenta
2137 1178 2200 1215 est
2233 1187 2282 1216 ea
2324 1175 2411 1227 q'ui‘·

321 1239 411 1279 dem
457 1252 556 1279 uoce
586 1251 692 1288 quae
722 1237 885 1278 litteras
915 1239 1190 1290 exprimeret:
1218 1242 1437 1278 mortuus
1467 1238 1687 1289 irriguus
1716 1250 1907 1278 uacuus.
1953 1238 2010 1278 Ac
2039 1251 2088 1278 ue
2116 1252 2166 1279 ex
2195 1238 2295 1280 -iiis
2322 1239 2413 1291 qui·

320 1303 426 1349 dem,
457 1315 590 1354 neque
618 1303 726 1342 enim
756 1302 1058 1343 contrahuntur
1087 1301 1185 1340 luis
1214 1302 1316 1341 ruis
1345 1301 1463 1341 fluis
1493 1302 1682 1347 minuis,
1739 1301 1848 1341 Illud
1877 1302 1984 1342 enim
2015 1302 2411 1356 —Tiisindeaprin-

319 1368 426 1419 cipio
454 1367 598 1407 debuit
626 1380 712 1407 esse
741 1371 766 1406 fi
795 1372 997 1419 correpto,
1031 1368 1117 1407 siue
1146 1365 1298 1406 factum
1330 1372 1392 1406 est
1421 1381 1469 1406 ex
1502 1381 1669 1406 —euos
1697 1380 1871 1406 —ouos
1906 1391 1942 1395 —
1959 1380 2041 1407 uos
2069 1391 2120 1397 -
2148 1367 2199 1407 cf.
2221 1366 2272 1408 de
2289 1368 2412 1408 'neue

325 1432 375 1472 de
404 1433 533 1472 'nouo
563 1431 707 1479 denno,
736 1433 872 1472 *senos
901 1445 1021 1473 souos
1051 1436 1143 1472 suos
1158 1436 1199 1472 et
1215 1432 1336 1472 huius
1352 1431 1446 1472 libri
1464 1446 1501 1484 p.
1520 1431 1570 1471 23
1585 1444 1645 1483 sq.
1662 1432 1747 1471 siue
1762 1444 1812 1471 ex
1831 1434 1969 1477 —uos
1984 1431 2201 1483 principali
2216 1431 2411 1473 termina-

320 1496 451 1544 tione3
480 1496 530 1535 cf.
560 1508 621 1547 gr.
651 1490 804 1543 ἰχθύος
832 1490 999 1548 ὂφρῧος;
1032 1509 1125 1536 uam
1153 1494 1275 1544 δρῦός
1303 1495 1390 1535 Hos
1419 1493 1536 1541 ἰλῦος
1566 1498 1604 1534 Φ
1632 1496 1709 1535 318
1733 1500 1828 1536 sunt
1856 1496 2099 1536 secundaria
2113 1500 2156 1537 et
2170 1496 2410 1537 nominatiui

321 1560 492 1600 formam
535 1560 717 1600 themate
746 1561 976 1615 imitantur,
1006 1560 1114 1610 quod
1149 1573 1245 1599 uere
1280 1559 1398 1599 docet
1425 1559 1472 1599 G.
1504 1558 1641 1610 Meyer
1668 1558 1739 1599 Gr.
1769 1558 1840 1599 Gr.
1870 1572 1885 1596 2
1912 1559 1935 1611 ξ
1964 1558 2053 1600 341.
2110 1559 2206 1600 Siue
2237 1560 2425 1611 denique-

319 1624 452 1663 —uis
480 1636 554 1674 per
582 1622 851 1675 συνεκδρομήν
880 1627 1021 1663 natum
1051 1628 1127 1671 est,
1156 1637 1246 1674 gen.
1280 1623 1409 1662 ——uis
1439 1623 1499 1662 ita
1528 1626 1590 1663 est
1618 1622 1670 1662 ad
1699 1622 1785 1662 dat.
1814 1623 1928 1669 —ui,
1958 1625 2006 1662 ut
2034 1623 2277 1675 gen gruis
2310 1623 2413 1663 suis

320 1687 452 1729 Iouis
481 1688 532 1728 ad
563 1688 647 1728 dat.
678 1688 785 1740 grui
816 1689 886 1728 sui
917 1687 1033 1728 Ioui.
1090 1688 1261 1738 Antiqui
1292 1687 1455 1739 quidem
1486 1687 1563 1738 ipsi
1595 1687 1800 1739 putabant
1826 1694 1939 1727 —sls
1967 1689 2009 1728 et
2032 1694 2300 1729 -uacrursus
2314 1687 2411 1728 ·uis

322 1756 364 1792 et
394 1753 459 1792 -ui
488 1754 596 1793 inter
626 1766 668 1793 se
697 1756 796 1804 apta
825 1757 866 1793 et
894 1754 1110 1792 coniuncta
1140 1766 1237 1801 esse,
1270 1766 1362 1792 nam
1394 1751 1524 1792 Varro
1554 1755 1595 1790 et
1626 1750 1814 1803 Nigidius
1846 1755 1948 1792 teste
1974 1750 2108 1810 Gellio
2136 1750 2192 1792 IV
2214 1752 2259 1791 16
2280 1751 2411 1805 patri·

321 1830 386 1857 um
431 1831 569 1858 casum
611 1831 685 1869 per
715 1819 847 1857 —uis
877 1818 1118 1870 pariterque
1147 1817 1331 1857 datiuum
1363 1829 1434 1868 per
1463 1816 1569 1855 -—ui
1599 1815 1801 1865 fecerunt3
1831 1813 1982 1856 Caesar
2009 1815 2051 1855 in
2081 1813 2199 1855 libris
2227 1815 2411 1868 analogi-

320 1882 378 1920 cis
406 1894 455 1921 ea
483 1894 589 1932 quae
618 1884 754 1921 essent
783 1881 902 1920 huius
933 1881 1096 1932 generis
1125 1882 1210 1920 sine
1235 1880 1246 1918 i
1278 1879 1421 1919 littera
1449 1879 1622 1919 dicenda
1651 1880 1813 1920 censuit
1840 1879 1893 1919 ad
1922 1880 2090 1931 eiusque
2120 1880 2411 1922 auctoritatem

320 1959 361 1985 se
404 1945 635 1997 applicauit
679 1945 812 1985 Iulius
854 1945 1061 1986 Romanus
1103 1959 1167 1996 ap.
1198 1943 1430 1985 charisium
1460 1958 1496 1995 p.
1527 1945 1592 1984 55.
1629 1947 1643 1984 l
1678 1943 1726 1983 K.
1755 1943 2032 1991 Quintilianus
2060 1942 2091 1983 Ι.
2122 1945 2158 1983 6.
2189 1944 2237 1984 27
2268 1943 2412 1986 haeret

320 2011 361 2050 in
391 2010 597 2061 ambiguo.

429 2190 474 2231 V.
508 2193 541 2231 l.
584 2190 788 2243 Pote(m)
815 2204 898 2231 acc.
927 2190 1033 2242 sing.
1063 2189 1291 2230 atributum
1321 2193 1382 2230 est
1409 2193 1451 2230 et
1480 2189 1539 2229 illi
1569 2188 1764 2230 Diouem
1792 2190 1975 2231 iunctum
2006 2188 2120 2230 Nom.
2141 2189 2243 2240 sing.
2264 2190 2407 2241 potis,

322 2255 418 2296 inde
447 2269 473 2296 a
499 2255 656 2296 Catulli
684 2259 822 2296 aetate
852 2259 981 2307 pote,
1010 2269 1092 2307 qua
1120 2268 1210 2295 cum
1240 2254 1365 2294 uerbo
1394 2252 1505 2293 ’esse’
1534 2267 1615 2305 qua
1643 2254 1729 2294 sine
1757 2267 1817 2298 eo,
1838 2253 2026 2294 similiter
2041 2266 2089 2294 ac
2109 2253 2231 2294 satis
2249 2254 2410 2306 praedi·

323 2324 462 2360 catum
492 2333 579 2360 esse
608 2319 723 2363 solet,
753 2323 795 2360 et
823 2320 905 2359 iam
934 2320 1164 2370 antiquitus
1193 2318 1390 2361 declinari
1419 2317 1593 2358 desitum
1625 2322 1696 2358 est.
1756 2317 1904 2358 Verum
1935 2322 2072 2357 tamen
2094 2316 2219 2358 fuisse
2233 2329 2324 2356 cum
2340 2317 2410 2361 de-

323 2385 547 2425 clinaretur
575 2384 726 2425 indicio
755 2390 817 2424 est
832 2398 936 2424 nom.
968 2384 1071 2436 plur.
1103 2390 1241 2436 potes
1271 2383 1447 2424 traditus
1476 2396 1500 2422 a
1533 2382 1713 2423 Varrone
1742 2382 1792 2422 de
1820 2395 2024 2432 augurum
2041 2379 2207 2422 librisL
2233 2380 2328 2423 L.V
2359 2385 2409 2426 58

322 2450 425 2490 diui
455 2450 537 2500 qui
567 2453 702 2501 potes
730 2462 804 2501 pro
834 2449 905 2489 illo
934 2449 1040 2500 quod
1072 2448 1358 2490 Samothraees
1386 2446 1483 2488 θεοὶ
1514 2448 1691 2488 δυνατοί.
1754 2448 1868 2490 Inter
1895 2461 2046 2494 omnes,
2076 2447 2230 2499 opinor,
2247 2452 2410 2490 constat

321 2516 394 2556 hoc
422 2529 509 2556 esse
538 2515 645 2555 idem
675 2514 922 2556 uocabulum
951 2513 1059 2566 quod
1090 2514 1202 2566 goth.
1224 2514 1405 2555 nominat
1422 2514 1530 2565 -faps
1550 2519 1592 2556 et
1608 2515 1727 2567 paria
1742 2518 2012 2567 cognatarum
2031 2513 2279 2567 linguarum,
2301 2525 2409 2566 quae

320 2580 542 2622 dominum,
573 2580 779 2630 maritum,
822 2579 1099 2630 praepositum
1145 2574 1390 2630 significant,
1422 2583 1468 2618 ut
1495 2583 1695 2631 appareat
1722 2592 1771 2618 ea
1799 2579 1929 2630 primo
1957 2579 2206 2631 significasse
2228 2577 2272 2617 id
2299 2577 2409 2629 quod

322 2643 573 2694 'potentem’.
631 2643 690 2682 Ea
719 2644 782 2682 uis
812 2642 1066 2694 principalis,
1095 2643 1128 2682 si
1160 2656 1255 2683 uere
1284 2643 1562 2683 coniecturam
1593 2642 1710 2688 facio,
1739 2644 1780 2684 in
1809 2644 1989 2684 carmine
2007 2642 2156 2684 Saliari
2172 2645 2321 2687 exstat,
2337 2654 2408 2694 po-

321 2707 539 2747 steriorum
570 2719 645 2746 usu
673 2709 716 2746 et
745 2718 930 2746 sermone
959 2705 1186 2758 paullulum
1218 2709 1380 2745 mutata
1407 2709 1469 2746 est
1499 2710 1540 2745 et
1568 2707 1686 2758 quasi
1715 2707 1942 2747 imminuta.

434 2769 478 2806 V.
511 2771 545 2807 1.
601 2769 750 2809 Caute
779 2773 910 2809 metro
938 2774 1110 2820 cogente
1139 2770 1314 2816 retinui3
1346 2782 1417 2808 nec
1445 2769 1595 2808 desunt
1624 2769 1810 2820 exempla
1839 2771 1961 2821 prisci
1990 2769 2186 2809 sermonis
2213 2770 2336 2810 etiam
2365 2770 2408 2809 in

322 2833 533 2875 nasalibus
562 2833 715 2874 litteris
744 2833 837 2874 huic
866 2833 1082 2884 asperitati
1111 2833 1377 2884 indulgentis,
1432 2832 1519 2873 Iam
1548 2831 1718 2874 Corssen
1748 2833 1887 2874 docuit
1915 2832 2090 2875 mediam
2119 2832 2300 2874 uocalem
2320 2845 2408 2875 esse
2570 2823 2648 2882 τίῑ

269 2912 277 2914 *
321 2913 371 2939 ex
401 2898 465 2938 his
493 2897 653 2938 elisam:
683 2897 957 2938 *monestrum
989 2902 1216 2938 monstrum
1247 2901 1457 2947 mosa-um,
1487 2897 1668 2937 fenestra
1696 2897 1851 2938 senstra
1867 2897 2416 2972 sestrassmanu-cepsgmaa
2592 2888 2597 2895 ’
2631 2890 2646 2915 ²·'

320 2973 529 3026 nucipium
558 2971 846 3012 *manusuetus
862 2971 1184 3021 *manuluuiuni‚
1207 2986 1312 3023 quae
1329 2972 1440 3012 facta
1455 2985 1542 3012 esse
1572 2984 1763 3023 manceps
1777 2977 1852 3012 etc.
1909 2972 1965 3012 At
1978 2971 2184 3013 *breuima
2199 2972 2408 3013 ‘brouima

322 3037 467 3077 bruma
509 3050 559 3077 ex
592 3036 675 3076 alio
704 3049 851 3088 genere
880 3040 961 3087 est;
990 3040 1206 3088 postquam
1236 3037 1342 3076 enim
1373 3035 1666 3086 colliquescens
1694 3035 1951 3076 semiuocalis
1979 3035 2113 3077 uocali
2141 3035 2219 3076 sibi
2248 3035 2315 3077 uel
2342 3048 2406 3077 00·

321 3104 472 3152 gnatae
515 3098 679 3147 insedit,
709 3113 757 3139 ea
799 3099 925 3141 dictio
953 3101 1290 3144 contractionem,
1320 3113 1399 3139 non
1429 3111 1646 3151 syncopam
1676 3113 1798 3151 passa
1825 3104 1900 3141 est.
1965 3097 2244 3140 Corssenianis
2272 3112 2406 3140 exem·
