2648 3533
259 357 398 399 vocab.
428 356 531 410 disp
560 356 718 399 Preller
746 356 880 430 Myth.
884 357 899 379 ⁸
929 357 964 399 1.
994 359 1046 399 55
1074 357 1231 410 annot)
1263 380 1307 385 —-
1338 356 1446 398 idem
1475 352 1642 413 uidetur
1659 320 1786 399 fuisse
1795 355 2364 434 antiquissimorum,

259 435 402 465 norum
446 421 717 474 religionibus
760 422 830 474 qui
874 421 1077 477 Iuppiter
1134 420 1259 462 Cuius
1304 421 1364 461 rei
1398 417 1599 474 exempla,
1627 421 1698 462 sed
1727 434 1806 462 11011
1840 421 2001 463 omnia
2001 420 2155 473 certa.
2158 412 2363 471 nefflat'
2403 456 2406 457 γ

259 485 418 527 Prelier
459 486 609 539 Myth.⁸
652 485 890 526 1.56.11.
932 486 1011 526 213
1031 487 1079 535 ⁵);
1125 487 1226 534 141.;
1268 485 1459 536 idemque
1488 489 1609 526 acute
1637 485 1786 526 conicit
1813 498 1863 525 ex
1891 484 2032 533 uerbis
2058 473 2257 538 Varronis
2271 486 2358 539 ip..
2417 520 2422 529 .

258 550 533 600 Augustiuum
561 548 604 588 C.
635 549 670 587 D
716 548 802 589 VII
837 551 874 589 3.
902 564 940 601 p.
974 551 1049 589 277
1080 549 1223 589 Domb.
1252 553 1295 589 et
1323 548 1434 588 Tert.
1463 548 1517 589 ad
1546 547 1641 589 Nat.
1676 548 1696 589 1
1731 550 1790 598 103
1833 549 1904 601 qui
1945 548 2024 590 loci
2063 552 2144 591 noxi
2176 544 2364 601 dubium·

256 617 318 653 est
346 613 446 664 quin
474 613 527 653 ad
558 613 718 654 nomina
749 613 951 666 quaedam
981 612 1393 665 indigitamentorum
1421 612 1674 664 pertineant3
1703 612 1755 653 cf.
1776 611 1927 654 Iordan
1947 611 2001 653 ad
2015 606 2177 660 Preller
2197 605 2347 666 myth?
2365 662 2374 665 μ
2436 652 2439 655 ,

258 676 288 715 Ι.
320 676 394 715 197
416 677 463 724 ¹).
521 677 579 715 Ac
609 678 745 717 nescio
773 691 826 717 an
857 678 943 728 ipse
972 676 1123 717 Diuus
1153 679 1293 727 pater
1321 675 1524 716 Falacer
1552 690 1615 727 ap.
1650 675 1873 717 Varronem
1903 676 1947 716 L.
1967 675 2012 715 L.
2035 676 2081 716 V.
2109 676 2172 716 84.
2203 675 2348 717 vnsz
2413 694 2420 699 ⁴
2496 672 2504 724 J

259 762 306 768 -
338 741 454 780 cuius
496 740 671 780 nominis
714 740 989 792 ueriloquium
1033 741 1254 792 temptauit
1299 738 1522 779 Buecheler
1565 737 1705 780 Umbr.
1740 753 1776 791 p.
1815 740 1890 779 156
1921 762 1968 768 -
1998 739 2041 779 in
2070 752 2239 781 numero
2265 742 2379 781 tre·'
2409 750 2433 754 ·“
2468 736 2471 740 ’
2498 731 2619 799 ’τί,

257 806 468 843 centorum
498 801 664 844 illorum
695 804 804 845 Iouis
832 805 1043 856 geniorum
1074 805 1128 844 sit
1157 802 1408 850 referendus,
1438 804 1509 854 qui
1538 802 1654 844 fluuii
1683 803 1796 852 deus,
1818 803 2189 855 quodtdubitanter
2210 804 2349 856 posuit
2585 830 2648 860 ⁴,

257 867 406 908 Iordan
452 880 544 907 ann.
589 867 642 907 ad
685 867 841 908 Preller
885 868 958 907 M}
1003 867 1046 908 11
1082 868 1164 910 143,
1201 867 1326 907 fuisse
1362 880 1439 906 non
1470 871 1623 918 potest;
1652 867 1761 919 quod
1791 868 1825 907 si
1854 867 2011 915 fuisset,
2041 867 2214 908 Falacer
2242 870 2351 908 esset
2455 909 2461 914 ,
2562 860 2648 920 ..ff-32

258 945 402 972 nomen
444 931 574 979 fluuii,
616 933 686 983 qui
730 932 867 972 nullus
911 937 984 972 est.
1042 932 1098 972 Ut
1141 932 1270 972 Diuus
1315 931 1449 975 Pater,
1480 933 1539 970 ita
1568 931 1756 983 Iuppiter
1784 930 2077 983 appellabatur
2104 930 2246 972 addito
2274 944 2348 972 suo
2558 949 2646 997 ἕ

258 996 453 1046 cuiusque
497 995 605 1045 genii
640 995 811 1035 Iouialis
840 996 1095 1047 cognomine3
1126 996 1240 1036 uelut
1268 1008 1333 1047 ap.
1363 995 1469 1047 Aug.
1498 994 1539 1035 C.
1571 996 1618 1035 D.
1649 995 1742 1035 VII.
1773 997 1817 1035 ll
1850 994 2077 1047 Iuppiter
2105 994 2346 1043 Ruminu83
2373 1048 2378 1049 ⁷
2568 992 2648 1056 ζ

257 1060 327 1110 qui
371 1059 424 1098 ab
468 1057 635 1098 Umbris
677 1059 758 1098 alio
802 1060 961 1100 nomine
1005 1060 1148 1100 datiuo
1192 1072 1288 1099 casu
1330 1059 1464 1098 dictus
1498 1062 1561 1099 est
1590 1059 1776 1099 Admune
1805 1059 1924 1098 que
1956 1061 2096 1111 patre
2123 1059 2151 1098 i.
2179 1071 2213 1098 e.
2242 1058 2347 1100 Diuo
2585 1057 2648 1113 ,ςέ-

257 1122 372 1161 Patri
416 1122 606 1162 Alimoni.
662 1122 717 1161 Et
760 1124 799 1161 in
844 1124 929 1163 tab.
972 1124 1152 1175 Iguuina
1196 1123 1264 1161 VI.
1308 1122 1457 1162 Diuos
1498 1121 1776 1162 Grabouius
1819 1122 1924 1162 idem
1955 1125 2017 1162 est
2044 1135 2092 1162 ac
2120 1121 2347 1174 Iuppiter

256 1185 553 1233 Grabouius3
596 1185 652 1225 ibi
696 1186 802 1226 enim
847 1188 1045 1238 scriptum
1074 1191 1137 1227 est
1165 1190 1205 1226 et
1235 1186 1351 1226 Iuve
1386 1185 1627 1226 Grabovei
1673 1186 1759 1226 buf
1797 1185 1921 1226 treis
1946 1185 2049 1226 fetu
2077 1188 2118 1226 et
2147 1185 2201 1225 Di
2230 1184 2346 1226 Gra-

258 1250 396 1291 bovie
426 1250 616 1291 uocatiuo
644 1263 742 1291 casu
770 1251 912 1291 multis
940 1251 1050 1299 locis,
1081 1251 1189 1302 quod
1219 1251 1414 1292 scribitur
1443 1251 1566 1291 etiam
1598 1249 1681 1289 Dei
1711 1249 1963 1289 Grabovie.
2011 1248 2064 1288 Et
2084 1249 2183 1289 haec
2205 1249 2346 1290 hacte-

258 1327 334 1353 nus
362 1314 412 1353 de
442 1314 575 1357 Diuo,
605 1314 718 1353 Iouis
748 1315 922 1354 nomine

362 1376 546 1418 Eundem
590 1377 729 1418 Iouem
772 1391 862 1418 cum
906 1378 1043 1419 diurni
1075 1379 1178 1419 caeli
1208 1378 1423 1430 splendore
1453 1390 1620 1418 cernere
1651 1376 1890 1418 uiderentur
1920 1376 2106 1426 Romani,
2134 1375 2254 1418 facile
2282 1381 2346 1417 est

257 1440 310 1480 ad
354 1438 675 1492 intellegendum
720 1454 793 1482 cur
822 1441 1017 1483 Deiuom
1054 1443 1200 1485 deous
1228 1443 1256 1483 i.
1284 1457 1317 1484 e.
1348 1443 1467 1484 deum
1499 1442 1578 1482 diei
1608 1442 1682 1482 hoc
1711 1442 1751 1481 in
1781 1442 1961 1482 carmine
1989 1441 2183 1482 dixerint.
2239 1439 2344 1482 Nam

258 1503 432 1543 latinum
477 1504 618 1544 Iouem
653 1518 783 1556 aeque
812 1519 860 1544 ac
895 1518 1087 1557 graecum
1118 1511 1160 1547 et
1187 1507 1295 1547 diem
1325 1507 1413 1546 siue
1442 1506 1572 1546 lucem
1603 1506 1791 1545 diurnam
1821 1509 1863 1545 et
1891 1505 2048 1545 caelum
2077 1519 2150 1545 suo
2179 1506 2345 1546 numine

256 1568 513 1620 complexum
556 1582 642 1609 esse
676 1572 719 1609 et
746 1568 979 1620 linguarum
1015 1573 1056 1610 et
1085 1571 1319 1612 fabularum
1351 1570 1669 1620 inuestigatores
1697 1569 1970 1610 consentiunt.
2026 1569 2220 1610 Romanis
2248 1582 2345 1611 uero

256 1632 356 1684 ipsis
384 1631 591 1683 Diespiter
619 1633 736 1683 quasi
767 1632 846 1673 diei
876 1636 995 1684 pater
1023 1633 1102 1673 dici
1134 1634 1366 1681 uidebatur,
1397 1634 1453 1674 sic
1486 1633 1616 1674 Varro
1651 1633 1676 1672 l.
1707 1646 1745 1684 q.
1777 1632 1830 1682 d.;
1849 1631 2007 1673 Gellius
2026 1631 2059 1672 Ι.
2083 1633 2146 1672 12.
2166 1633 2190 1672 5
2211 1632 2345 1673 ”Iouis

255 1695 506 1746 Diespiter
534 1696 780 1747 appellatus,
812 1697 852 1735 id
882 1700 944 1736 est
973 1698 1052 1737 diei
1082 1703 1124 1736 et
1152 1698 1254 1736 lucis
1283 1699 1435 1748 pater”;
1457 1697 1673 1736 Suetonius
1693 1696 1743 1736 de
1763 1709 1868 1735 anno
1888 1709 2056 1736 romano
2075 1709 2141 1746 ap.
2160 1695 2343 1736 Macrob.

256 1759 290 1795 I.
324 1760 383 1797 15.
418 1760 465 1798 14
495 1760 607 1810 ”crum
636 1760 775 1800 Iouem
805 1761 1052 1812 accipiamus
1082 1762 1184 1802 lucis
1213 1765 1435 1810 auctorem,
1464 1759 1571 1799 unde
1601 1763 1641 1798 et
1670 1759 1880 1799 Lucetium
1911 1757 2012 1799 Salii
2035 1759 2076 1799 in
2095 1758 2344 1800 carminibus

255 1826 414 1863 canunt
455 1826 497 1864 et
539 1821 756 1864 Cretenses
790 1822 878 1864 Δία
907 1821 980 1876 τήν
1009 1822 1161 1878 ἡμέραν
1189 1826 1352 1872 uocant,
1382 1823 1458 1875 ipsi
1489 1834 1652 1874 quoque
1680 1821 1851 1862 Romani
1879 1820 2176 1874 Diespitrem
2205 1821 2340 1874 appel·

240 1880 346 1925 'lant
375 1889 422 1926 ut
450 1886 548 1926 diei
577 1886 799 1937 patrem”.
853 1888 1110 1939 Augustinus
1138 1887 1225 1926 Ciu.
1255 1887 1329 1926 Dei
1360 1886 1429 1925 IV.
1459 1887 1509 1924 23
1537 1899 1574 1936 p.
1610 1887 1682 1924 175
1711 1885 1758 1923 D.
1801 1885 1937 1924 ”Sicut
1965 1885 2070 1924 enim
2098 1885 2209 1936 apud
2236 1886 2344 1936 ipsos

255 1948 422 2001 legitur,
452 1949 625 1990 Romani
669 1953 830 1991 ueteres
871 1951 1004 1992 nescio
1049 1964 1168 2002 quem
1213 1949 1489 1990 Summanum.
1532 1948 1594 1988 cui
1640 1952 1842 1988 nocturna
1884 1947 2057 1988 fulmina
2091 1948 2344 1997 tribuebant,

256 2013 473 2052 coluerunt
493 2015 624 2063 magis
644 2027 764 2064 quam
788 2014 949 2053 Iouem
981 2015 1039 2053 ad
1069 2028 1202 2064 quem
1235 2015 1412 2052 diurna
1440 2012 1643 2052 fulmina
1672 2012 2017 2062 pertinerent”.
2060 2012 2213 2053 Paulus
2234 2012 2342 2053 Festi

256 2090 294 2127 p.
326 2077 375 2115 75
407 2075 547 2115 ”Dium
577 2075 718 2127 fulgur
747 2076 1015 2128 appellabant
1044 2077 1249 2123 diurnum,
1271 2074 1378 2125 quod
1400 2074 1604 2126 putabant
1626 2074 1751 2120 Iouis,
1776 2078 1823 2115 ut
1843 2078 2083 2115 nocturnum
2104 2074 2342 2116 Summani”.

255 2139 370 2179 Idem
406 2152 442 2190 p.
478 2140 521 2177 71
563 2139 698 2178 ”Dies
741 2140 875 2180 dictus
919 2140 1027 2191 quod
1070 2139 1199 2178 diuini
1244 2140 1296 2177 sit
1337 2139 1471 2188 operis
1505 2139 1590 2177 siue
1611 2138 1677 2183 *ab
1707 2138 1821 2178 Ioue
1862 2139 1977 2185 eius,
2012 2142 2058 2177 ut
2089 2140 2343 2193 putabant,

255 2205 458 2250 rectore,
488 2203 557 2253 qui
588 2215 732 2252 graece
762 2201 849 2243 Δία
878 2203 1132 2255 appellatur3
1163 2203 1248 2242 siue
1277 2202 1385 2253 quod
1415 2215 1486 2242 aer
1514 2201 1687 2244 diurnus
1714 2202 1901 2243 dehiscat
1929 2203 1970 2242 in
1998 2203 2249 2244 candorem”.

362 2265 532 2305 Praeter
576 2270 812 2306 uocatiuum
855 2271 896 2306 et
939 2267 1237 2307 nominatiuum
1269 2267 1496 2317 Iuppiter
1525 2269 1567 2305 et
1596 2278 1685 2316 gen.
1715 2265 1828 2305 Iouis
1857 2269 1899 2305 et
1926 2265 1984 2305 sic
2012 2265 2213 2318 deinceps.
2243 2267 2343 2308 haec

255 2326 416 2379 quoque
459 2328 572 2369 Iouis
613 2329 781 2369 fuerunt
825 2331 988 2370 nomina
1030 2330 1172 2370 latina.
1231 2329 1518 2370 Nominatiuus
1560 2328 1684 2368 *Dius
1718 2328 2072 2381 (primo*DiieuS,
2115 2329 2168 2369 ab
2209 2330 2342 2369 altera

253 2396 390 2433 autem
433 2393 567 2434 forma
609 2393 760 2443 Dieus
803 2407 936 2445 graec.
978 2392 1097 2441 Ζεύς,
1140 2394 1268 2435 latine
1310 2406 1399 2445 gen.
1445 2392 1578 2434 Iouis
1619 2391 1806 2443 idemque
1835 2405 1908 2443 pro
1939 2392 2222 2442 nominatiuo)‚
2252 2406 2341 2444 gen.

253 2456 436 2508 Diouo(s)
484 2457 658 2497 Hermae
702 2458 781 2497 uol.
827 2459 930 2497 1884
972 2472 1008 2497 a.
1039 2472 1075 2508 p.
1107 2459 1198 2505 453,
1227 2458 1369 2497 Diouis
1396 2458 1485 2509 (qui
1517 2458 1640 2496 etiam
1671 2457 1913 2496 nominatiui
1942 2458 2031 2497 uice
2059 2457 2223 2498 functus
2251 2460 2340 2509 est).

252 2521 338 2561 Eae
386 2521 541 2561 formae
582 2523 790 2573 praeiecta
833 2522 927 2563 ’ue-³
956 2523 1163 2574 particula
1206 2523 1363 2562 faciunt
1406 2522 1585 2561 Vedius
1627 2519 1748 2560 Mart.
1794 2518 1891 2571 Cap.
1935 2519 1991 2562 II.
2033 2534 2071 2571 p.
2103 2522 2176 2561 141
2208 2520 2340 2574 Eyss.;

253 2597 343 2635 gen.
373 2587 414 2625 et
444 2584 550 2624 idem
580 2598 653 2637 pro
689 2587 941 2627 nominatiuo
983 2586 1215 2627 Vediouis
1257 2585 1417 2626 Deecke
1460 2584 1548 2624 Etr.
1592 2583 1755 2624 Forsch.
1785 2583 1842 2622 IV
1873 2584 1942 2633 693
1973 2583 2175 2625 locatiuus
2203 2588 2341 2625 exstat

254 2650 292 2688 in
338 2649 431 2688 hoc.-
472 2649 558 2688 sub
600 2649 681 2688 Diu
725 2651 875 2700 (media
918 2650 1050 2691 uocali
1080 2663 1153 2701 per
1186 2646 1457 2700 συνεκδρομήν
1484 2648 1716 2700 producta);
1746 2649 1840 2686 item
1871 2661 1896 2686 a
1924 2651 2037 2688 recto
2065 2648 2179 2688 Dius
2208 2649 2343 2689 dictus
2467 2696 2471 2699 μ
2610 2690 2638 2707 f,

253 2716 314 2751 est
343 2710 491 2751 flamen
522 2711 687 2751 Dialis.
719 2713 926 2754 Producta
955 2717 1091 2754 autem
1119 2719 1136 2753 ῑ
1163 2718 1225 2754 est
1254 2714 1530 2753 nominatiuus
1573 2712 1705 2752 'Dios
1734 2711 1862 2757 DIus,
1891 2724 1983 2763 gen.
2018 2711 2076 2751 Di
2095 2712 2204 2764 (Dii):
2225 2713 2341 2753 cuius
2480 2738 2482 2740 -
2581 2699 2648 2769 ἐ

251 2777 336 2818 abl.
366 2777 454 2817 Dio
482 2781 618 2818 exstat
648 2780 687 2818 in
718 2779 796 2820 hoc
822 2779 908 2819 sub
940 2779 1036 2820 Dio.
1080 2779 1130 2819 Id
1160 2792 1305 2820 nomen
1334 2777 1506 2819 Romani
1536 2774 1792 2827 usurpabant
1820 2788 1909 2817 cum
1930 2774 2116 2816 iurarent
2135 2789 2208 2828 per
2228 2775 2341 2817 Iouis

252 2841 431 2893 genium,
460 2853 580 2891 quem
611 2842 881 2882 nominabant
909 2842 1047 2882 Dium
1077 2842 1264 2881 Fidium
1295 2841 1431 2881 Plaut.
1454 2840 1566 2879 Asin.
1588 2840 1651 2887 23,
1673 2851 1762 2888 gen.
1806 2838 1863 2877 Di
1890 2838 1996 2878 Fidi
2021 2838 2149 2880 Varro
2170 2840 2212 2880 L.
2230 2840 2273 2879 L.
2289 2840 2338 2880 V.

250 2906 302 2944 52
346 2906 458 2954 (nam
501 2904 586 2943 cod.
629 2903 781 2944 Cassin.
826 2906 916 2945 coll.
961 2920 985 2945 a
1027 2905 1254 2945 Wilmanns
1296 2918 1359 2956 ap.
1404 2903 1555 2944 Iordan
1590 2901 1760 2952 Topogr.
1791 2902 1834 2940 II
1865 2904 1888 2941 5
1917 2915 1993 2952 sqq
2021 2905 2062 2942 et
2095 2916 2120 2942 a
2152 2902 2245 2943 Keil
2273 2917 2339 2955 ap.

252 2967 388 3008 Hauet
429 2966 537 3007 MSL
580 2966 639 3006 IV
684 2969 758 3007 236
802 2969 878 3008 hoc
921 2969 1046 3010 habet
1091 2969 1143 3009 'di
1187 2970 1289 3023 [del]
1332 2969 1444 3019 fidi'),
1486 2968 1571 3008 dat.
1616 2967 1700 3007 Dio
1745 2967 1880 3008 Fidio
1908 2966 2009 3007 CIL.
2042 2968 2099 3007 VI
2129 2969 2219 3016 567,
2248 2968 2338 3008 568.

252 3032 436 3084 Denique
480 3033 629 3071 nomin.
670 3032 830 3085 'I)iuos‚
873 3034 923 3074 de
966 3047 1045 3085 quo
1074 3034 1186 3076 Iouis
1217 3036 1377 3076 nomine
1406 3034 1651 3075 mentionem
1680 3032 1858 3084 fecimus,
1889 3034 1997 3084 quod
2027 3033 2337 3076 discernendum

250 3100 313 3135 est
355 3109 380 3134 a
422 3094 562 3135 deiuo
605 3095 691 3135 deo
734 3101 775 3135 et
816 3097 945 3136 diuis
988 3097 1074 3137 dis.
1130 3098 1330 3138 Deriuata
1358 3098 1565 3138 adiectiua
1592 3097 1749 3150 dialis
1776 3101 1818 3138 et
1846 3097 2028 3138 diualis
2056 3111 2147 3138 cum
2176 3100 2338 3150 proprie
