2648 3533
459 387 469 395 .
709 342 717 348 ”
736 334 1312 434 ..Qmeimezfflffl
1328 357 1495 408 Iordan
1514 331 1659 407 Beitr.
1671 378 1710 420 p.
1738 365 1833 413 222,
1860 350 2015 406 deum
2027 347 2129 406 deo
2142 362 2190 406 in
2212 376 2397 415 mutae

580 460 601 485 ,3
629 428 778 489 utum
799 433 913 473 esee
923 430 990 472 ut
1005 421 1204 477 nomon
1205 426 1320 471 illud
1343 427 1439 483 δῖα
1457 427 1613 470 θεάων,
1669 428 1786 478 Quod
1813 428 1880 470 cui
1906 426 2073 482 probet?
2126 426 2186 469 Id
2204 418 2396 480 οιιὶιιῶ

601 521 615 535 »,
628 482 812 548 dietum
824 496 873 535 nt
912 491 1055 532 θεάων
1070 490 1265 545 genitiuo
1291 497 1398 534 esset
1425 506 1521 533 casu
1548 487 1792 544 partitionis
1818 493 2007 532 imitatus
2034 491 2191 532 Ennius
2218 505 2301 533 nou
2328 498 2395 533 ro-
2439 540 2443 545 ,

310 560 595 619 munus
616 542 682 613 est
704 554 781 599 sed
809 568 960 608 graeca
987 557 1211 605 structura,
1238 555 1360 612 quod
1375 555 1476 607 quid
1504 556 1582 598 sibi
1611 555 1738 598 uellet
1764 555 2039 619 Rornanorum
2067 555 2315 597 eruditiores
2341 568 2415 597 ex.

200 665 215 680 ,W
241 652 263 683 2.
300 612 646 679 ψῂᾲβῐίοιιο
659 620 826 662 Homeri
867 619 1170 672 intellegerent,
1199 620 1241 661 in
1270 619 1419 661 Saliari
1448 621 1627 661 carmine
1653 633 1705 661 ex
1732 620 1840 661 omni
1869 623 1989 672 parte
2017 617 2198 662 Romano
2225 633 2275 661 ea
2302 633 2394 662 con·

300 680 488 730 affictio
511 698 599 728 esse
626 686 698 727 uix
725 686 871 738 potuit.
938 684 999 726 cf.
1028 684 1227 732 schmiz,
1255 684 1370 738 Synt
1400 685 1472 726 lat
1500 685 1572 725 1w
1605 684 1657 725 Μ.
1689 686 1781 725 Ant.
1811 684 1854 725 11
1883 698 1919 736 p.
1949 683 2028 723 283
2056 696 2151 725 ann.
2180 685 2218 724 3.
2402 678 2404 680 '

420 749 505 792 Nec
545 756 699 803 quaero
741 759 835 791 num
876 749 995 801 quasi
1035 750 1236 790 maximus
1279 749 1345 790 uel
1386 750 1695 801 antiquissimus
1729 748 1841 789 ’deus
1870 746 2051 789 deorum’
2081 747 2245 790 honoris
2272 759 2396 791 causa

263 819 269 822 ’
295 799 453 866 'dictus
492 815 557 856 sit.
628 813 750 855 Velut
790 814 953 865 ignotus
993 817 1115 866 poeta
1149 813 1219 865 qui
1248 812 1439 854 Ouidium
1468 815 1655 855 imitatus
1684 816 1747 853 est
1774 826 1835 865 ep
1870 811 1967 853 VIII
1995 811 2047 851 45
2079 812 2177 854 ’dux
2207 817 2298 854 erat
2325 813 2396 854 ille

264 925 268 928 ,
315 870 491 922 ducum’.
535 862 641 928 Quid
670 878 819 930 igitur?
871 876 1219 926 Quemadmodum
1249 875 1380 916 Iulius
1410 877 1557 918 Florus
1585 877 1753 929 perinde
1781 891 1829 917 ac
1858 879 1890 918 si
1919 882 2026 919 esset
2056 878 2174 918 homo
2210 877 2395 926 Iudaeus,

265 951 282 991 j
315 937 422 986 dixit
445 941 481 982 1.
513 942 575 982 22.
605 942 656 981 35
678 936 901 983 ”saeuitum
930 941 971 980 in
1006 939 1128 980 urbes
1151 939 1374 989 urbemque
1391 940 1555 980 urbium
1584 939 1873 990 Caralim”,sic
1891 941 2093 982 Saliorum
2111 953 2272 993 quoque
2287 941 2396 981 anti·

243 1021 257 1033 ⁵
301 1007 520 1061 ,quissimis
551 1006 799 1046 carminibus
834 1005 1015 1046 ’deorum
1043 1003 1154 1043 deus’
1183 1003 1366 1043 canitur?
1422 1004 1501 1045 Sed
1530 1004 1650 1045 huius
1679 1003 1741 1045 rei
1767 1005 1953 1057 exempla
1982 1005 2221 1057 posterioris
2251 1004 2394 1045 latini-

235 1107 238 1110 .
272 1117 274 1119 ,
312 1071 413 1112 tatis
439 1073 551 1121 sunt,
578 1069 734 1110 nullum
761 1069 971 1120 antiquius
999 1066 1203 1108 Cicerone.
1261 1067 1306 1107 V.
1335 1067 1385 1108 de
1416 1069 1488 1109 hoc
1517 1080 1662 1119 genere
1691 1070 1892 1120 copiosam
1920 1083 1966 1109 ac
2000 1068 2194 1110 subtilem
2222 1067 2397 1120 Hauptii

276 1189 279 1191 -
314 1134 634 1187 disputationem
661 1133 734 1185 Op
758 1132 815 1172 ΙΙ
850 1133 925 1173 154
953 1144 1040 1183 sqq

421 1196 569 1252 Quodsi
600 1198 764 1249 proprie
794 1197 945 1247 dicitur
973 1195 1042 1236 ille
1071 1195 1184 1236 ’deus
1212 1195 1393 1236 deorum'
1421 1197 1471 1236 de
1501 1195 1789 1237 Saturnalibus
1821 1197 2019 1238 Macrobii
2046 1198 2164 1249 quasi
2193 1178 2397 1248 potestate

314 1262 459 1304 diuina
486 1265 642 1303 ceteros
671 1262 768 1302 deos
794 1273 952 1312 regenS,
981 1259 1108 1300 nihilo
1135 1260 1269 1299 minus
1295 1259 1452 1300 alienus
1480 1265 1543 1301 est
1570 1274 1596 1300 a
1623 1262 1812 1301 carminis
1847 1261 2022 1301 Saliaris
2055 1265 2207 1302 aetate.
2265 1260 2397 1302 Multo

316 1328 450 1368 minus
477 1326 603 1367 Ianus
631 1326 687 1369 sic
715 1326 796 1366 dici
823 1325 970 1378 potuit.
1024 1324 1083 1364 Ac
1112 1336 1161 1363 ue
1190 1322 1293 1363 illud
1322 1324 1485 1374 quidem
1510 1324 1618 1376 quod
1647 1324 1774 1366 Ianus
1801 1325 2113 1378 antiquissimus
2141 1325 2307 1366 deorum
2335 1324 2398 1365 di·

315 1393 426 1433 citur
468 1406 493 1432 a
522 1385 723 1432 >quenale
754 1390 810 1431 Vl
845 1389 922 1429 393
949 1394 991 1429 et
1018 1390 1071 1429 ab
1103 1388 1333 1428 Herodiano
1363 1390 1380 1425 I
1413 1390 1482 1427 161
1513 1388 1615 1435 θεὸς
1643 1386 1917 1440 ἀρχαιότατος
1943 1394 2018 1442 τῆς
2041 1386 2221 1436 Ἰταλίας
2246 1384 2399 1438 ἐπιχώ-

315 1467 405 1508 ριος
445 1454 671 1509 quidquam
715 1452 827 1493 ualet
854 1452 907 1493 ad
937 1451 1258 1493 confirmandum
1287 1453 1327 1493 id
1359 1453 1466 1505 quod
1496 1454 1633 1505 posuit
1661 1454 1820 1496 Preller
1850 1454 1998 1508 Myth.⁸
2028 1454 2047 1495 Ι
2075 1468 2113 1507 p.
2148 1455 2219 1494 171
2252 1453 2396 1495 Ianum

318 1518 499 1559 'deorum
541 1518 674 1558 deum'
716 1530 803 1558 esse
846 1517 1000 1555 dictum
1043 1516 1159 1567 quasi
1188 1517 1368 1556 omnium
1398 1530 1534 1557 rerum
1566 1520 1786 1570 principem
1817 1526 2119 1569 auctoremque.
2178 1517 2399 1558 Praetereo

320 1586 547 1634 temporum
578 1582 776 1622 rationem
807 1581 914 1632 quod
944 1580 1220 1630 antiquiorum
1250 1584 1433 1620 aetatum
1464 1595 1540 1621 non
1570 1587 1666 1622 sunt
1693 1584 1728 1622 ei
1758 1579 1977 1634 scriptores
2005 1583 2076 1634 qui
2091 1582 2239 1622 Ianum
2255 1581 2397 1621 dicunt

318 1646 485 1686 deorum
528 1645 874 1696 antiquissimum.
943 1643 1063 1684 Mitto
1105 1643 1207 1684 illud
1252 1644 1447 1685 Varronis
1488 1644 1596 1696 quod
1631 1649 1734 1686 teste
1764 1645 2018 1686 Tertulliano
2052 1645 2104 1685 ad
2134 1643 2228 1684 Nat.
2257 1643 2304 1685 Π
2335 1645 2408 1684 12.’

318 1709 474 1750 ”Varro
515 1709 822 1760 antiquissimos
863 1708 958 1748 deos
1000 1708 1137 1748 Iouem
1180 1707 1375 1749 Iunonem
1419 1712 1462 1748 et
1504 1708 1729 1749 Mineruam
1760 1709 1927 1759 refert”;
1958 1723 2051 1750 nam
2080 1709 2211 1760 magis
2239 1712 2397 1749 tuscam

279 1785 285 1786 ’
318 1786 443 1824 quam
486 1786 696 1813 romanam
735 1772 991 1824 disciplinam
1034 1773 1153 1823 sapit.
1224 1771 1303 1812 Sed
1346 1776 1393 1812 ut
1420 1773 1664 1824 posteriores
1692 1774 1859 1824 quidam
1888 1774 2217 1825 antiquissimum
2249 1772 2397 1814 Ianum

319 1838 503 1878 dicerent
542 1851 617 1889 per
658 1849 837 1878 errorem
880 1836 1042 1877 facilem
1086 1837 1238 1877 factum
1281 1840 1355 1877 est.
1425 1835 1529 1876 Nam
1571 1837 1714 1877 Ianum
1757 1839 2087 1888 antiquissimum
2121 1836 2400 1889 regem-Latii

318 1901 443 1942 fuisse
484 1901 587 1950 ideo,
629 1901 763 1949 credo,
806 1900 915 1940 fama
956 1900 1128 1948 ferebat,
1172 1900 1280 1951 quod
1322 1913 1432 1940 asses
1473 1901 1561 1941 eius
1590 1902 1766 1953 imagine
1797 1903 2025 1954 antiquitus
2054 1900 2328 1953 signabantur
2355 1905 2398 1941 et

320 1965 409 2006 eius
437 1966 481 2005 iu
510 1965 610 2004 urbe
639 1964 831 2004 exstabat
858 1960 1186 2014 antiquissimum
1216 1964 1376 2014 signum
1405 1977 1495 2003 cum
1525 1965 1685 2005 sacello.
1761 1966 1991 2007 Accedebat
2018 1965 2128 2017 quod
2156 1978 2247 2005 cum
2275 1978 2399 2018 penes

317 2042 409 2070 eum
451 2021 674 2081 primordia
716 2042 852 2070 rerum
894 2033 1019 2079 atque
1063 2029 1188 2069 etiam
1233 2029 1528 2080 procreationis
1556 2029 1756 2071 humanae
1785 2044 1872 2071 esse
1900 2031 2134 2071 dicerentur
2160 2031 2230 2082 (cf.
2261 2043 2298 2082 p.
2329 2031 2397 2080 45)

321 2108 401 2135 non
431 2094 648 2146 dignitate,
676 2092 745 2134 sed
775 2093 916 2134 ordine
945 2092 1113 2145 locoque
1141 2098 1232 2133 erat
1260 2094 1432 2145 primusg
1462 2093 1618 2145 primus
1647 2095 1927 2144 inuocabatur‚
1958 2097 2088 2148 primo
2117 2097 2154 2136 ei
2183 2109 2299 2136 sacra
2327 2095 2398 2135 fie-

322 2159 421 2199 bant
460 2159 531 2211 (cf.
576 2172 612 2210 p.
630 2159 729 2209 45),
758 2158 911 2209 primus
940 2171 965 2197 a
996 2157 1176 2197 Varrone
1203 2159 1312 2198 inter
1340 2158 1435 2198 deos
1463 2159 1636 2199 selectos
1665 2161 1898 2200 nominatur
1927 2174 1992 2212 ap,
2023 2161 2126 2210 Aug.
2155 2157 2198 2197 C.
2230 2157 2274 2197 D.
2309 2148 2396 2199 vll.

320 2225 357 2264 2.
427 2224 642 2276 Denique
689 2224 746 2264 a'b
788 2224 995 2264 introitu
1038 2224 1252 2269 initium,
1281 2225 1339 2264 ab
1367 2225 1512 2264 initio
1542 2224 1696 2274 prima
1715 2236 1935 2274 quaeque
1965 2222 2396 2266 Ianidicebantur.

270 2288 272 2293 ⁸
306 2287 506 2329 Eundem
535 2288 665 2329 locum
695 2289 782 2328 eius
809 2287 958 2328 flamen
988 2287 1203 2328 obtinebat
1230 2289 1271 2328 in
1301 2286 1510 2328 flaminum
1539 2288 1860 2328 accubitionibus
1892 2287 2032 2327 Festus
2060 2301 2097 2338 p.
2132 2287 2218 2336 185,
2245 2289 2320 2332 ‘nec
2334 2291 2397 2327 ta·

263 2356 268 2361 '
321 2365 414 2393 men
442 2352 534 2392 ideo
560 2351 765 2393 flaminem
794 2351 951 2392 Dialem
981 2352 1185 2403 dignitate
1214 2351 1444 2403 superabat,
1476 2352 1623 2392 nedum
1655 2353 1781 2392 maior
1797 2356 1902 2392 esset
1916 2351 2104 2404 pontifice
2117 2348 2406 2404 maximo,qui

321 2420 531 2457 extremus
558 2417 801 2457 accubabat.
857 2415 935 2457 Sed
964 2416 1064 2456 haec
1093 2416 1302 2456 hactenus.

428 2479 586 2524 Iouem
631 2492 726 2519 uero
768 2483 826 2518 et.
851 2478 996 2519 Graeci
1036 2482 1078 2518 et
1105 2478 1275 2518 Romani
1301 2478 1397 2517 inde
1425 2478 1478 2518 ab
1506 2479 1613 2518 omui
1643 2482 1824 2529 tempore
1853 2478 2088 2519 habuerunt
2117 2492 2188 2530 pro
2216 2479 2413 2532 principe.

322 2547 366 2584 et
406 2555 561 2582 summo
602 2543 779 2582 omnium
822 2542 989 2581 deorum
1032 2541 1332 2592 hominumque.
1390 2541 1442 2580 Et
1474 2541 1745 2582 Romanorum
1776 2542 1940 2593 quidem
1969 2543 2235 2593 antiquorum
2263 2543 2402 2595 opinio

292 2628 297 2631 ·
322 2606 571 2660 exprimitur
611 2618 637 2646 a
678 2605 861 2646 Varrone
901 2605 958 2645 sic
985 2618 1050 2656 ap.
1081 2605 1184 2655 Aug.
1217 2603 1292 2644 VII
1321 2609 1344 2644 9
1373 2618 1412 2656 p.
1442 2605 1530 2645 285⁷
1549 2605 1601 2645 D:
1631 2605 1712 2646 Sed
1741 2618 1814 2645 cur
1842 2604 1930 2645 Ioui
1954 2606 2223 2658 praeponitur
2249 2600 2402 2666 Ianua?

324 2668 543 2718 ”Quoniam
586 2681 707 2720 penes
748 2667 926 2714 Ianum”‚
967 2667 1113 2719 inquit,
1155 2668 1272 2707 ”sunt
1296 2669 1444 2719 prima,
1473 2681 1595 2720 penes
1624 2669 1763 2709 Iouem
1793 2682 1962 2708 summa.
2019 2668 2168 2710 Merito
2201 2683 2301 2723 ergo
2327 2682 2401 2712 rex

322 2734 500 2774 omnium
531 2733 719 2785 Iuppiter
747 2733 937 2774 habetur.
965 2732 1104 2772 Prima
1131 2733 1235 2782 enim
1266 2733 1484 2772 uincuntur
1513 2745 1539 2772 a
1566 2733 1744 2776 summis,
1776 2733 1884 2784 quia,
1915 2733 2011 2773 licet
2029 2734 2281 2786 praecedant
2299 2739 2402 2776 tem·-

322 2811 435 2851 pore,
463 2801 621 2839 summa
649 2801 844 2850 superant
872 2796 1105 2850 dignitate”.
1161 2795 1214 2836 Et
1241 2794 1393 2837 Seneca
1422 2795 1516 2837 Nat.
1544 2795 1710 2845 Quaest.
1739 2796 1785 2836 ΙΙ
1814 2799 1864 2837 45
1893 2796 2058 2848 ‘’(Prisci
2088 2798 2275 2849 Romani)
2303 2802 2402 2843 eunss

323 2861 416 2902 dem
457 2874 578 2912 quem
607 2876 679 2903 nos
707 2861 848 2903 Iouem
878 2862 1135 2914 intellegunt,
1163 2865 1358 2901 rectorem
1388 2861 1675 2913 custodemque
1703 2861 1897 2909 uniuersi,
1927 2863 2107 2903 animum
2137 2876 2185 2903 ac
2213 2863 2402 2916 spiritum

325 2925 479 2974 mundi,
522 2926 656 2977 operis
695 2926 816 2966 huius
857 2925 1064 2966 dominum
1095 2930 1137 2965 et
1164 2925 1391 2964 artificem'&
1447 2924 1595 2975 Itaque
1624 2924 1813 2976 Iuppiter
1841 2925 1894 2964 ab
1925 2923 2056 2966 Ennio
2084 2925 2220 2965 dictus
2251 2926 2325 2965 179
2356 2924 2401 2965 V.
2431 2940 2438 2947 ·

320 2977 486 3045 >⁵diuum
528 2992 647 3042 pater
689 2993 813 3040 atque
855 2989 1061 3030 hominum
1090 2990 1193 3030 rex”.
1249 2987 1302 3028 Et
1330 2988 1501 3028 Plautus
1529 2988 1633 3040 prol.
1665 2987 1768 3028 Rud.
1799 2989 1822 3027 9
1852 2989 1985 3039 ”quiet
2012 2990 2235 3040 imperator
2263 2988 2402 3030 diuom
