2648 3533
400 417 687 491 ‘gindeus
732 433 900 481 Geta-05
927 442 975 480 et
997 440 1105 492 ipsos
1131 439 1211 492 (sic
1237 439 1346 492 lego.
1377 439 1432 481 'et
1458 440 1549 491 ipsi'
1577 439 1736 492 Migne)
1764 441 1920 492 putatis
1948 440 2045 481 deos
2073 454 2173 490 esse,
2192 437 2294 494 quos
2311 444 2401 483 uos*

254 526 284 553 χ.
305 487 536 544 ‘daemonas
561 501 744 543 scimus”.

391 562 496 605 flia
535 564 672 614 igitur
704 578 811 617 quae
844 576 951 606 nunc
977 566 1191 618 disputata
1218 569 1314 606 sunt
1341 565 1519 607 efficitur
1546 567 1736 618 primum,
1764 560 1898 607 illum'
1910 566 2051 607 ”deum
2079 566 2269 608 deor-‘um'
2297 567 2385 609 Ma·

269 629 274 634 '
314 611 442 680 crobii
456 626 548 672 'non
576 627 679 668 satis
706 629 922 670 conuenire
950 642 1040 670 cum
1068 631 1329 683 antiquorum
1358 643 1619 671 romanorum
1647 630 1697 671 de
1726 630 1789 671 dis
1808 630 2053 674 notionibus,
2074 626 2284 680 deinde,'si
2303 631 2385 674 dici

307 689 528 742 potuisset,
554 705 635 732 non
662 691 820 738 Ianum,
849 693 919 734 sed
947 693 1084 734 Iouem
1113 693 1194 734 dici
1222 694 1419 735 debuisse.

419 752 565 794 Restat
609 758 654 794 ut
694 767 937 806 quaeramus
978 768 1085 808 quae
1126 755 1333 798 Macrobio
1374 758 1440 799 uel
1475 758 1610 810 potius
1638 758 1725 798 eius
1754 758 1992 798 auctoribus
2020 771 2166 799 causae
2193 762 2235 798 et
2263 758 2387 799 initia

313 815 467 856 fuerint
508 815 654 856 Ianum
695 818 756 856 ita
789 818 1099 870 interpretandi.
1154 818 1269 875 Quod
1303 823 1349 859 ut
1379 821 1649 872 perspiciatur
1677 820 1809 871 plane,
1838 833 1903 859 res
1931 816 2047 860 nobis
2075 823 2136 860 est
2163 820 2387 872 repetenda

313 878 451 918 altius.
1156 877 1159 880 ⁴

311 948 319 952 “
419 942 509 984 Iani
551 943 613 983 uis
653 956 702 984 ac
742 947 924 996 potestas
965 957 1046 997 quo
1088 946 1219 999 magis
1259 950 1350 988 erat
1391 947 1640 987 obscuritate
1682 946 1870 987 inuoluta
1911 960 1957 988 eo
1992 947 2123 999 magis
2151 947 2388 987 commentis

311 1007 569 1059 physicorum
598 1007 731 1048 locum
759 1008 885 1048 dedit.
942 1008 1088 1060 Itaque
1117 1023 1237 1061 quem
1266 1024 1386 1061 penes
1415 1024 1501 1050 esse
1530 1011 1765 1049 dicerentur
1792 1010 2016 1061 primordia
2045 1011 2157 1049 uitae
2186 1010 2387 1049 humanae

313 1070 600 1123 concipiendae
641 1085 858 1123 rerumque
900 1072 1155 1123 agendarum
1196 1073 1328 1122 initia,
1371 1086 1460 1113 eum
1508 1076 1735 1113 ceterarum
1784 1086 1946 1124 quoque
1993 1086 2131 1113 rerum
2177 1077 2386 1115 auctorem
2436 1114 2439 1115 γ

287 1133 499 1174 *fecerunt
526 1135 798 1185 posteriorum
826 1136 1028 1187 argutiae.
1085 1136 1139 1176 Et
1167 1137 1286 1176 huius
1314 1137 1373 1176 rei
1401 1137 1555 1188 gradus
1583 1137 1750 1187 quidam
1780 1142 1904 1188 atque
1932 1138 2185 1178 incrementa
2212 1151 2387 1178 cernun—

312 1201 396 1237 tur.
451 1195 555 1238 Nam
584 1197 692 1249 quod
721 1197 921 1239 Hesiodus
949 1198 1050 1239 dicit
1077 1198 1226 1249 Theog.
1258 1200 1332 1239 116
1360 1195 1450 1251 ἤτοι
1479 1197 1553 1247 μὲν
1581 1198 1798 1250 πρώτιστα
1824 1198 1934 1252 χάος,
1963 1200 2005 1240 id
2035 1203 2247 1252 arreptum
2275 1199 2387 1241 Cice·

311 1260 483 1302 roniana
524 1265 661 1302 aetate
706 1265 747 1302 et
774 1266 866 1314 post
894 1275 982 1303 eam
1010 1263 1168 1320 physici
1196 1262 1367 1303 Romani
1395 1262 1448 1302 ad
1476 1262 1633 1310 Ianum,
1662 1267 1708 1302 ut
1736 1263 2025 1315 principiorum
2055 1263 2176 1304 deum
2206 1267 2386 1304 transtu-

311 1324 463 1372 lerunt,
492 1328 540 1364 ut
567 1325 674 1365 idem
703 1326 910 1366 diceretur
937 1330 1062 1378 atque
1088 1325 1200 1376 χάος.
1263 1325 1427 1365 Verrius
1455 1325 1625 1365 Flaccus
1653 1339 1718 1376 ap.
1747 1325 1918 1366 Paulum
1948 1326 2057 1367 Festi
2087 1340 2125 1378 p.
2155 1327 2205 1366 52
2234 1325 2389 1366 ”Chaos

312 1388 495 1440 appellat
523 1389 725 1429 Hesiodus
753 1390 961 1430 confusam
989 1390 1196 1440 quandam
1224 1390 1277 1429 ab
1305 1390 1423 1429 initio
1451 1390 1664 1437 unitatem,
1694 1389 1875 1429 hiantem
1902 1394 2192 1441 patentemque
2220 1390 2263 1429 in
2293 1403 2385 1441 pro·

311 1450 482 1491 fundum
515 1475 561 1481 -
593 1476 641 1482 -
673 1452 790 1492 Unde
832 1452 956 1493 Ianus
997 1453 1187 1493 detracta
1227 1452 1476 1504 aspiratione
1510 1451 1600 1492 ideo
1630 1452 1736 1502 quod
1766 1452 1890 1492 fuerit
1918 1453 2095 1492 omnium
2124 1453 2292 1504 primus,
2322 1452 2387 1492 cui

312 1515 443 1567 primo
472 1515 760 1567 supplicabant
788 1516 917 1557 ueluti
946 1517 1122 1568 parenti,
1151 1521 1193 1557 et
1220 1530 1245 1556 a
1274 1528 1354 1567 quo
1384 1529 1519 1556 rerum
1547 1517 1725 1555 omnium
1754 1516 1958 1567 putabant
1986 1515 2184 1556 initium”.
2243 1515 2386 1556 Verrio

312 1577 442 1630 igitur
482 1579 659 1618 nondum
705 1579 784 1619 fuit
826 1579 952 1619 Ianus
979 1580 1048 1620 ille
1090 1580 1248 1620 ”rerum
1289 1579 1435 1627 sator”,
1478 1591 1598 1629 quem
1641 1583 1781 1628 postea
1814 1592 1904 1618 eum
1934 1579 2130 1619 dixerunt
2158 1592 2238 1620 non
2266 1579 2386 1619 modo

311 1640 555 1693 philosophi,
597 1642 666 1682 sed
708 1643 832 1682 etiam
873 1646 1028 1694 poetae.
1085 1642 1290 1682 Martialis
1319 1642 1356 1681 X
1385 1641 1447 1681 28.
1480 1644 1512 1680 1.
1569 1641 1743 1681 Serenus
1785 1655 1850 1692 ap.
1892 1641 1983 1682 Ter.
2014 1642 2143 1682 Maur.
2173 1656 2212 1693 p.
2243 1641 2320 1682 382
2348 1641 2385 1681 K

314 1705 415 1746 1893
457 1706 578 1747 ”lane
620 1710 751 1757 pater,
793 1707 891 1748 Iane
924 1711 1056 1755 tuens,
1090 1707 1184 1748 diue
1214 1707 1347 1759 biceps
1376 1706 1572 1755 biformis,
1601 1720 1624 1747 0
1652 1710 1742 1747 cate
1770 1720 1906 1747 rerum
1936 1710 2061 1756 sator,
2090 1720 2113 1747 o
2142 1706 2385 1759 principium

311 1768 514 1810 deorum”.
572 1770 630 1810 Ac
658 1784 708 1811 nc
739 1770 869 1811 Varro
897 1770 1061 1822 quidem
1089 1771 1176 1812 eius
1204 1770 1415 1811 doctrinae
1442 1773 1587 1810 auctor
1616 1769 1894 1809 nominandus.
1950 1769 1990 1808 Is
2025 1782 2115 1809 cum
2145 1769 2277 1810 multa
2305 1782 2386 1810 non
2430 1783 2440 1790 ·

312 1834 430 1873 modo
458 1834 511 1873 ad
539 1833 748 1874 Cleanthis
776 1835 997 1883 lucernam,
1026 1835 1096 1874 sed
1125 1836 1250 1874 etiam
1277 1835 1330 1873 ad
1359 1835 1531 1874 Zenonis
1559 1837 1601 1873 et
1628 1833 1843 1885 Chrysippi
1878 1834 2124 1878 lucubrauit,
2146 1838 2233 1873 tum
2262 1834 2386 1874 fabri-

312 1900 493 1938 catorem
535 1898 675 1938 mun'di
718 1903 759 1939 et
799 1901 998 1939 rectorem
1039 1902 1082 1937 et
1124 1898 1242 1950 quasi
1270 1899 1449 1938 animum
1478 1897 1586 1937 dixit
1614 1896 1763 1944 Iouem,
1794 1898 1863 1947 qui
1893 1897 2065 1948 primam
2099 1897 2212 1937 illam
2240 1897 2386 1938 molem

311 1974 362 2001 ex
391 1964 587 2012 quattuor
615 1961 825 2002 elementis
853 1964 1127 2002 constructam
1161 1965 1202 2001 et
1230 1964 1483 2013 compactam
1517 1960 1685 2011 impleat
1718 1965 1759 2000 et
1787 1965 1962 2008 moueat,
1992 1973 2111 2010 quam
2145 1961 2292 2001 molem
2321 1960 2385 2001 Ia-

312 2037 408 2064 num
437 2024 608 2064 Ouidius
637 2048 683 2054 —
716 2026 917 2065 incertum
946 2029 1084 2064 utrum
1116 2025 1299 2065 Varrone
1327 2038 1380 2064 an
1410 2025 1567 2071 Verrio,
1597 2024 1757 2062 homine
1785 2024 1960 2073 aequali,
1991 2027 2157 2063 auctore
2185 2047 2238 2053 —
2259 2025 2385 2063 nomi-

312 2092 396 2127 nat.
451 2087 623 2128 Ouidius
651 2088 671 2127 1
700 2088 808 2129 Fast.
843 2089 916 2129 103
945 2102 1032 2140 sqq.
1088 2088 1233 2129 Ianum
1275 2089 1332 2129 sic
1373 2087 1637 2128 disserentem
1666 2086 1842 2126 inducit:
1872 2086 1956 2127 ”me
1984 2085 2116 2127 Chaos
2143 2087 2306 2138 antiqui
2334 2110 2387 2118 —-

311 2163 405 2192 nam
435 2164 523 2192 sum
551 2165 618 2193 res
645 2153 779 2205 prisca
808 2177 856 2183 -—
885 2153 1106 2194 uocabant:
1136 2153 1271 2204 aspice
1301 2164 1423 2204 quam
1452 2151 1564 2203 longi
1594 2150 1787 2202 temporis
1821 2153 1914 2190 acta
1948 2163 2104 2199 canam,
2133 2150 2293 2190 lucidus
2321 2150 2388 2191 hic

311 2227 383 2256 aer
411 2219 466 2264 et,
494 2228 598 2268 quae
628 2217 709 2257 tria
737 2230 908 2269 corpora
934 2221 1108 2266 restant,
1136 2217 1242 2268 ignis
1270 2229 1402 2268 aquae
1430 2215 1575 2266 tellus,
1597 2228 1700 2254 unus
1728 2227 1899 2254 aceruus
1928 2218 2029 2263 erat,
2058 2219 2107 2254 ut
2134 2215 2258 2255 semel
2286 2215 2387 2255 haec

310 2292 449 2320 rerum
477 2281 642 2321 secessit
670 2281 743 2321 lite
772 2294 939 2321 suarum
967 2282 1090 2333 inque
1119 2293 1246 2320 nouas
1274 2280 1377 2320 abiit
1405 2292 1538 2318 massa
1567 2278 1703 2318 soluta
1731 2278 1885 2318 domos:
1915 2277 2078 2318 flamma
2109 2280 2212 2330 petit
2239 2279 2386 2325 altum,
2420 2325 2423 2327 .

310 2344 474 2394 propior
515 2343 625 2384 locus
666 2346 764 2384 aera
803 2345 922 2396 cepit,
964 2345 1158 2385 sederunt
1200 2344 1331 2384 medio
1366 2347 1479 2383 terra
1514 2342 1743 2393 fretumque
1772 2341 1869 2391 solo,
1898 2346 1995 2382 tunc
2022 2356 2098 2394 ego
2126 2343 2198 2394 qui
2225 2342 2387 2384 fueram

312 2407 457 2458 globus
500 2411 542 2448 et
583 2408 668 2448 sine
709 2408 886 2459 imagine
929 2407 1065 2457 mole&
1108 2408 1150 2447 in
1180 2406 1322 2447 faciem
1351 2406 1455 2447 redii
1482 2406 1685 2456 dignaque
1715 2404 1895 2444 membra
1924 2404 2035 2445 deo”.
2091 2405 2151 2445 Cf.
2181 2406 2305 2448 schol.
2334 2406 2388 2447 ad

270 2515 273 2516 ⁷
310 2469 475 2511 Hesiod.
504 2469 655 2523 Theog.
688 2471 773 2510 116.
803 2471 879 2510 477
910 2473 960 2522 (p.
991 2471 1069 2510 220
1097 2470 1238 2521 Flach)
1269 2468 1293 2522 ἡ
1320 2466 1393 2509 οὖν
1420 2466 1482 2515 εἷς
1510 2468 1562 2507 τὰ
1591 2472 1780 2517 στοιχεῖα
1801 2467 2011 2519 διάκρισις
2030 2467 2100 2508 καὶ
2126 2469 2388 2524 διαχώρησις,

310 2534 420 2582 χάος.
476 2534 607 2575 Varro
636 2548 715 2575 non
744 2534 861 2574 modo
890 2534 1112 2586 primordia
1140 2533 1293 2583 mundi,
1323 2533 1392 2573 sed
1421 2532 1716 2582 quodammodo
1746 2531 1942 2571 mundum
1961 2533 2095 2583 ipsum
2115 2532 2208 2574 Iani
2228 2535 2389 2575 nomine

310 2597 621 2650 comprehendit
648 2612 713 2650 ap.
744 2597 845 2650 Aug.
873 2596 916 2638 C.
946 2599 994 2647 1),
1022 2596 1114 2639 V11.
1143 2600 1180 2647 7,
1209 2597 1279 2638 sed
1307 2597 1392 2638 uim
1420 2595 1663 2638 effectricem
1692 2608 1918 2647 causasque
1947 2609 2087 2637 eorum
2112 2610 2218 2649 quae
2243 2597 2389 2640 fierent

309 2662 352 2703 in
380 2662 531 2703 mundo
559 2662 649 2703 Ioui
676 2662 835 2708 tribuit,
866 2663 970 2714 Aug.
999 2660 1042 2702 C.
1070 2662 1118 2702 D.
1146 2661 1301 2703 V11.9.
1345 2661 1551 2711 Vergilius
1571 2660 1674 2700 hanc
1694 2660 1921 2700 doctrinam
1945 2664 2109 2702 secutus
2128 2661 2269 2717 louem
2287 2662 2390 2703 dicit

311 2739 389 2779 per.
425 2726 563 2767 omnia
603 2726 820 2778 pertinere.
875 2725 997 2776 Verg.
1038 2724 1183 2777 Georg.
1225 2724 1280 2764 IV
1326 2726 1400 2764 221
1439 2724 1579 2764 ”deum
1615 2737 1790 2775 namque
1818 2725 1878 2765 ire
1907 2738 1982 2776 per
2009 2739 2147 2768 omnes
2174 2729 2389 2778 terrasque

310 2793 551 2842 tractusque
579 2791 705 2831 maris
732 2790 973 2841 caelumque
1000 2782 1280 2842 profundum”.
1336 2787 1395 2828 cf.
1427 2788 1529 2840 Aug.
1561 2787 1602 2827 C.
1636 2788 1684 2826 D.
1714 2787 1770 2828 IV
1800 2801 1832 2827 c.
1866 2789 1927 2827 11.
1985 2788 2112 2837 Quem
2141 2790 2388 2843 autempri·

310 2866 421 2902 mum
462 2853 566 2893 illud
608 2853 658 2894 de
700 2853 800 2893 Iano
840 2866 976 2893 rerum
1019 2858 1152 2896 satore
1194 2854 1427 2894 abstrusum
1462 2866 1535 2893 nec
1569 2856 1655 2892 tam
1685 2853 1727 2892 in
1754 2865 1929 2903 persona
1957 2857 2073 2893 certa
2100 2854 2166 2893 dei
2194 2867 2317 2904 quam
2345 2856 2387 2893 in

310 2918 474 2959 notione
502 2917 665 2957 infinita
692 2918 880 2969 principii
908 2918 1087 2957 locatum
1115 2918 1309 2965 docuisse,
1337 2918 1378 2956 in
1406 2916 1559 2957 litteris
1587 2916 1781 2956 memoria
1800 2920 1952 2964 exstat,
1970 2917 2005 2956 is
2025 2917 2103 2957 fuit
2123 2916 2176 2956 M.
2197 2916 2389 2957 Messalla

312 2985 456 3034 augur,
498 2981 533 3021 is
574 2979 645 3032 qui
687 2979 826 3021 consul
854 2980 934 3021 fuit
962 2993 998 3020 a.
1029 2978 1161 3020 DCCI.
1218 2979 1308 3027 Hic,
1336 2981 1441 3019 teste
1471 2977 1679 3019 Macrobio
1708 2978 1740 3018 I.
1770 2979 1806 3018 9.
1839 2979 1901 3023 14,
1931 2978 1983 3019 de
2011 2978 2110 3019 Iano
2137 2980 2197 3019 ita
2224 2979 2385 3032 incipit:

312 3045 404 3098 ”qui
445 3046 591 3085 cuncta
631 3043 752 3096 fingit
793 3043 1014 3096 eademque
1056 3045 1174 3096 regit,
1217 3056 1348 3095 aquae
1390 3046 1608 3094 terraeque
1650 3044 1732 3082 uim
1768 3055 1816 3082 ac
1844 3046 2034 3083 naturam
2064 3056 2231 3095 grauem
2260 3046 2387 3094 atque

2281 3109 2303 3139 8
