2648 3533
214 633 244 643 Α,
384 590 388 595 '
418 588 539 627 ‘ma
580 584 648 626 Et
686 566 860 640 inferum
903 588 1001 630 solis
1036 584 1220 643 spatium
1263 602 1336 643 per
1377 588 1721 642 septentrionales
1753 595 1892 642 partes
1924 591 2066 632 mundi
2095 591 2201 638 duci,
2227 605 2303 645 per
2330 598 2374 635 ου’

188 680 198 692 .
237 654 270 695 '2‘'
280 636 609 695 &ffintaneum
655 649 746 700 fuit,
793 652 902 704 quod
943 653 1006 695 sol
1066 654 1133 696 uel
1178 655 1314 695 oriens
1370 653 1434 695 uel
1480 653 1668 695 occidens
1715 667 1794 706 quo
1840 655 1971 695 serius
2014 654 2163 696 occidit
2209 667 2373 722 quoque
2412 670 2415 671 ⁷

251 710 503 757 mutunus
555 715 701 764 oritur,
755 728 803 756 eo
857 718 1021 770 propior
1075 707 1240 759 uidetur
1294 730 1380 759 esse
1435 718 1806 769 septemtrionibus.
1886 717 2028 771 Neque
2081 720 2188 760 enim
2241 720 2372 760 circu-

211 800 235 823 μ
290 771 378 830 163⁸
395 770 733 828 aequinoctialem
774 780 1028 821 solstitialem
1071 781 1294 822 brumalem
1335 782 1444 832 ipsos
1485 780 1721 832 inaequales
1764 790 1839 820 aut
1881 783 2055 831 impares
2102 781 2249 821 animis
2298 782 2371 822 fin-

218 850 241 883 χ
288 826 448 897 ffsebaut
488 852 579 881 cum
621 840 905 884 diuersitatem
946 846 1061 886 ortus
1102 848 1228 897 atque
1261 857 1426 885 occasus
1454 847 1656 885 notarent.
1713 842 1913 884 Nimirum
1945 843 2012 884 hic
2041 857 2119 885 non
2148 843 2294 896 loquor
2321 845 2372 886 de

293 901 509 945 subtiliore
535 904 724 947 doctrina
751 920 889 949 eorum
919 909 988 961 qui
1018 908 1098 950 diei
1127 922 1175 950 ac
1202 909 1330 949 noctis
1365 908 1688 949 uicissitudinem
1717 921 1763 949 eo
1791 908 1900 948 nasci
1931 907 2134 959 putabant
2161 907 2269 959 quod
2298 908 2372 956 sol,

296 980 387 1008 cum
428 980 606 1009 annuum
635 973 677 1010 et
703 970 908 1022 obliquum
939 985 1100 1012 cursum
1130 986 1203 1024 per
1229 972 1444 1013 Zodiacum
1476 971 1703 1016 conficeret,
1733 972 1994 1011 Conuersione
2023 971 2198 1011 rotantis
2225 972 2369 1012 mundi
2406 1009 2411 1012 .

295 1031 494 1084 sphaerae
526 1033 674 1075 cotidie
701 1035 1045 1087 circumferretur,
1075 1036 1125 1077 de
1153 1050 1235 1089 qua
1262 1050 1306 1077 re
1335 1036 1616 1077 disseruerunt
1644 1049 1733 1075 cum
1764 1035 1832 1075 alii
1866 1040 1950 1075 tum
1982 1033 2131 1075 Strabo
2159 1035 2193 1075 B
2220 1049 2257 1087 p.
2296 1036 2372 1076 110

295 1094 327 1135 C
367 1098 409 1136 'et
449 1095 607 1138 Plinius
650 1097 698 1138 H.
741 1097 791 1138 N.
832 1097 879 1137 II
921 1098 985 1138 3.6
1029 1102 1070 1139 et
1111 1101 1201 1140 5.12
1244 1104 1284 1140 et
1325 1100 1570 1141 Censorinus
1611 1100 1661 1140 de
1701 1099 1767 1139 die
1803 1104 1885 1139 nat.
1915 1113 1949 1139 c.
1979 1100 2044 1140 8.4
2072 1111 2161 1152 sqq.
2207 1098 2369 1141 Etenim

295 1159 579 1212 antiquissima
606 1160 679 1202 illa
707 1161 922 1214 disciplina
951 1163 1000 1203 de
1030 1164 1142 1204 caelo
1169 1162 1412 1205 obseruandi
1443 1169 1484 1205 et
1508 1163 1701 1204 mundum
1731 1164 1975 1214 regionatim
2004 1158 2252 1209 discribendi
2272 1168 2370 1204 ante

296 1225 397 1264 nata
430 1228 499 1288 ρει
539 1237 659 1275 quam
690 1225 860 1266 Romani
902 1228 1108 1279 ceterique
1136 1229 1293 1270 mediae
1333 1229 1481 1270 Italiae
1510 1229 1647 1281 populi
1676 1227 1903 1268 eruditione
1938 1231 2063 1278 atque
2091 1227 2253 1269 artibus
2282 1227 2368 1271 Ma·

295 1299 400 1339 gnae
441 1286 638 1330 Graeciae
671 1292 766 1330 sunt
794 1290 952 1331 imbuti.
1002 1291 1138 1334 Primo
1167 1294 1319 1346 species
1347 1294 1442 1334 solis
1470 1295 1597 1345 ipsius
1625 1292 1771 1332 itinere
1799 1291 1982 1332 solitario
2010 1292 2145 1342 spatia
2175 1291 2371 1333 immensa

295 1351 397 1391 caeli
440 1352 730 1404 perlustrantis
772 1354 927 1394 animos
968 1356 1143 1396 maxime
1184 1360 1367 1397 moueret
1399 1370 1560 1398 necesse
1589 1359 1690 1396 erat.
1746 1354 1866 1395 Notio
1895 1354 2034 1394 mundi
2067 1355 2272 1394 uertentis
2305 1359 2369 1395 est

0 1408 62 1462 ἑ
131 1419 152 1450 ’-
295 1414 405 1465 apud
432 1425 576 1455 ‘omnes
610 1415 778 1467 populos
807 1419 1018 1467 posterior.
1075 1419 1221 1460 Postea
1250 1434 1345 1461 uero
1373 1434 1463 1460 cum
1492 1420 1661 1460 Romani
1690 1423 1815 1470 atque
1845 1418 2008 1457 Etrusci
2037 1417 2267 1458 doctrinam
2298 1431 2367 1458 no-

0 1472 58 1540 Τ*
296 1490 390 1518 uam
432 1480 475 1518 et
516 1477 768 1520 subtiliorem
811 1479 861 1520 de
902 1480 1024 1521 rebus
1052 1483 1297 1524 caelestibus
1327 1484 1610 1535 percepissent,
1640 1487 1775 1522 tamen
1805 1494 1886 1533 qua
1914 1485 2032 1521 erant
2060 1483 2294 1522 constantia
2322 1494 2370 1522 ac

0 1544 53 1596 35
74 1546 92 1554 '‘
295 1540 504 1593 religione,
544 1542 647 1591 nihil
688 1543 823 1583 hercle
869 1547 1082 1586 mutarunt
1123 1547 1296 1598 priscam
1341 1546 1596 1599 disciplinam
1638 1544 1877 1597 auguralem
1912 1557 1985 1584 nec
2013 1543 2154 1596 templi
2183 1545 2369 1596 regiones

0 1601 43 1648 5·
76 1649 78 1653 .
296 1609 523 1651 mouerunt,
566 1606 674 1657 quod
715 1610 821 1648 esset
850 1607 973 1648 nefas.
1030 1608 1131 1649 Nam
1162 1609 1459 1651 Chaldaeorum
1489 1614 1531 1650 et
1559 1609 1791 1649 aduenticia
1820 1607 2007 1647 doctrina
2034 1611 2097 1647 est
2124 1606 2175 1647 de
2202 1607 2265 1647 dis
2294 1621 2365 1659 per

0 1668 38 1729 ξ-
294 1667 504 1709 duodecim
548 1670 678 1721 sigma
718 1670 874 1717 diuisis,
904 1684 1024 1723 quam
1054 1673 1242 1724 exposuit
1271 1671 1436 1713 Seruius
1465 1686 1559 1714 ann.
1589 1672 1639 1713 ad
1670 1672 1792 1722 Verg.
1821 1671 1968 1722 Georg.
1998 1670 2018 1709 I
2049 1667 2111 1709 33.
2167 1669 2221 1710 Et
2247 1670 2290 1711 di
2317 1685 2365 1712 eo

0 1740 77 1793 ἰ’-Ξῖ]
296 1732 382 1774 loco
424 1734 619 1774 nominati
662 1737 758 1774 sunt
797 1733 943 1775 Graeci
985 1749 1122 1776 omnes
1155 1741 1228 1776 aut
1268 1749 1500 1777 communes
1533 1737 1724 1777 Romanis
1753 1748 1843 1774 cum
1871 1734 2031 1775 Gracis.
2088 1733 2165 1775 Sed
2195 1734 2365 1775 Romani

0 1810 29 1836 ἱ
81 1810 93 1839 ,ῑ
295 1798 375 1837 uiri
419 1797 563 1837 harum
591 1811 729 1838 rerum
757 1799 891 1849 periti,
919 1813 1010 1839 cum
1038 1814 1174 1840 rerum
1204 1793 1383 1851 ipsarum
1413 1804 1705 1841 couseruarent
1733 1799 2037 1849 antiquitatem,
2067 1802 2204 1837 tamen
2233 1799 2265 1837 si
2296 1800 2366 1849 qui

0 1871 15 1907 ζ·-
162 1863 190 1883 ’“
295 1859 399 1901 forte
446 1873 590 1901 causas
636 1860 944 1913 inuestigabant
986 1863 1245 1916 rationesque
1286 1863 1570 1915 exquirebant,
1613 1862 1812 1914 quaedam
1856 1861 1942 1901 sine
1989 1860 2111 1901 dubio
2146 1860 2215 1901 alii
2246 1860 2366 1901 aliter

2 1954 36 1984 κ

294 1924 682 1974 interpretabanter.
740 1925 871 1963 Varro
917 1925 1092 1977 quidem,
1140 1926 1246 1978 quod
1294 1930 1409 1965 ortus
1455 1930 1580 1978 atque
1626 1938 1790 1964 occasus
1835 1937 1976 1964 eorum
2023 1936 2127 1974 quae
2170 1924 2210 1963 in
2256 1924 2367 1964 caelo

295 1992 567 2032 mouerentur,
596 1990 856 2028 conuersione
885 1990 1026 2030 mundi
1056 1991 1256 2032 communi
1286 1991 1523 2031 uiderentur
1550 1990 1758 2038 contineri,
1790 1987 1947 2029 Ianum,
1976 1988 2123 2038 quippe
2156 1990 2222 2037 qui
2253 1992 2366 2027 ortus

293 2051 384 2093 illos
411 2056 535 2104 atque
563 2065 729 2093 occasus
757 2053 1020 2104 patefaceret,
1049 2055 1273 2095 nominauit
1301 2054 1508 2095 mundum.

399 2115 477 2156 Sed
519 2130 571 2156 ex
613 2116 676 2156 his
718 2117 903 2158 omnibus
936 2131 1041 2170 quae
1070 2119 1267 2159 hactenus
1295 2118 1506 2170 disput-ata
1535 2121 1639 2164 sunt,
1671 2117 1746 2157 hoc
1776 2119 1935 2156 tantum
1966 2114 2219 2166 intellegitur
2248 2115 2366 2156 facile

292 2180 381 2220 fieri
410 2181 587 2231 potuisse
616 2184 661 2219 ut
689 2181 960 2232 antiquissimi
991 2181 1154 2222 Etrusci
1182 2186 1225 2222 et
1254 2182 1424 2222 Romani
1454 2183 1679 2233 opinionem
1711 2180 1807 2220 solis
1836 2183 2075 2218 nocturnum
2105 2179 2183 2218 iter
2203 2178 2255 2218 ad
2276 2191 2364 2229 sep-

292 2243 516 2284 tentriones
558 2243 790 2283 inclinantis
833 2245 1034 2285 mentibus
1077 2247 1344 2297 conciperent.
1402 2238 1519 2285 Nunc
1553 2258 1650 2285 uero
1678 2247 1839 2295 reperto
1867 2242 1919 2282 ad
1949 2241 2199 2281 Placentiam
2230 2243 2363 2283 iecore

292 2307 364 2349 illo
377 2320 497 2348 aereo
516 2330 569 2336 —
587 2308 703 2348 cuius
718 2308 910 2361 ambages
929 2308 1087 2351 Deecke
1114 2309 1202 2350 Etr.
1234 2309 1395 2350 For-sch.
1417 2308 1473 2349 IV
1494 2309 1596 2348 mira
1616 2307 1840 2359 sagacitate
1864 2305 2084 2357 explzcauit
2102 2328 2155 2335 -
2173 2309 2284 2346 certo
2304 2309 2363 2347 te-

0 2373 65 2418 ;’-’
292 2373 482 2412 stimonio
521 2371 783 2412 confirmatur
823 2386 906 2411 rem
950 2374 1011 2412 ita
1038 2387 1079 2413 se
1108 2375 1309 2415 habuisse.
1364 2373 1413 2413 In
1442 2387 1487 2413 eo
1516 2374 1620 2413 enim
1652 2375 1907 2411 monumento
1936 2370 2015 2410 duo
2044 2370 2238 2421 descripti
2267 2375 2364 2411 sunt

0 2461 37 2471 ψ
53 2461 63 2489 1,
91 2430 100 2433 ”
291 2436 425 2476 orbes:
469 2436 624 2486 postica
666 2439 784 2486 parte
818 2436 881 2475 his
913 2437 1049 2476 uerbis
1077 2438 1198 2477 usils
1225 2438 1326 2489 (sol)
1355 2441 1396 2477 et
1424 2438 1518 2476 tivs
1547 2437 1671 2487 (luna)
1702 2435 1906 2474 indicatur
1934 2433 2108 2472 alterum
2139 2446 2227 2474 esse
2255 2433 2365 2482 solis,

81 2505 84 2509 ’
266 2499 466 2554 *alterum
502 2499 637 2538 lunae.
694 2497 796 2538 Solis
829 2503 963 2539 autem
994 2500 1103 2540 orbis
1131 2501 1186 2541 ibi
1217 2501 1443 2551 descriptus
1471 2504 1532 2540 est
1560 2500 1612 2538 ab
1641 2512 1783 2538 occasu
1815 2497 1990 2537 brumali
2021 2510 2093 2548 per
2122 2499 2363 2547 septentrio-

291 2577 362 2604 nes
394 2563 447 2604 ad
481 2566 666 2603 exortum
698 2562 937 2611 brumalem,
966 2567 1013 2603 ut
1040 2563 1205 2615 expleat
1232 2563 1410 2603 ambitus
1439 2562 1583 2603 solaris
1612 2561 1805 2602 cotidiani
1836 2561 1913 2599 244
1932 2560 2014 2613 Ἅι),
2042 2559 2245 2612 reliquum
2276 2574 2367 2614 spa-

292 2629 408 2675 tium,
451 2626 557 2678 quod
588 2627 644 2666 ibi
673 2639 752 2665 non
781 2629 844 2666 est
872 2626 1129 2679 descriptum,
1158 2628 1264 2667 inter
1292 2630 1475 2667 exortum
1508 2626 1733 2667 brumalem
1763 2630 1803 2665 et
1831 2637 2016 2664 occasum
2047 2624 2273 2665 brumalem
2303 2629 2368 2665 est

294 2693 369 2732 115
387 2691 469 2746 ¹l‚⁰.
523 2691 677 2731 Romae
703 2693 853 2737 autem,
882 2690 989 2742 quod
1018 2691 1196 2732 ostendit
1225 2691 1380 2731 Deecke
1408 2690 1558 2731 collata
1583 2689 1726 2729 tabula
1745 2688 2021 2728 astronomica
2040 2701 2065 2727 a
2083 2687 2223 2729 Thiele
2243 2688 2367 2736 facta,

292 2767 398 2806 quae
436 2754 599 2795 adiecta
639 2758 702 2795 est
743 2753 849 2794 libro
892 2754 943 2795 de
971 2754 1135 2806 Templo
1165 2754 1323 2796 Nisseni
1352 2768 1390 2805 p.
1420 2755 1509 2804 244
1539 2753 1716 2793 circulus
1745 2752 1937 2792 minimus
1966 2752 2167 2792 brumalis
2194 2752 2275 2793 diei
2304 2758 2367 2792 est-

295 2818 386 2857 115⁰
430 2818 503 2865 46¹,
544 2818 754 2871 noctisque
795 2818 932 2858 eodem
976 2822 1156 2870 tempore
1198 2818 1294 2856 244⁰
1337 2818 1411 2856 14'.
1465 2817 1706 2874 Descriptus
1748 2819 1810 2855 est
1851 2816 1982 2866 igitur
2023 2816 2068 2855 in
2110 2815 2180 2855 illo
2227 2828 2367 2855 monu-

292 2885 425 2922 mento
453 2882 487 2921 is
514 2881 625 2921 orbis
652 2894 772 2932 quem
802 2881 924 2921 solem
946 2885 1066 2922 noctu
1095 2895 1131 2921 a.
1160 2881 1197 2921 d.
1226 2880 1287 2920 XI
1308 2880 1399 2920 Kal.
1419 2880 1506 2921 Ian.
1537 2881 1589 2920 ab
1618 2893 1759 2920 occasu
1790 2893 1862 2930 per
1890 2880 2201 2930 septemtriones
2221 2879 2273 2919 ad
2302 2893 2366 2919 or-

291 2948 375 2985 tum
408 2957 658 3007 percurrere
699 2945 869 2984 Romani
900 2944 959 2984 illi
990 2949 1032 2985 et
1059 2945 1176 2984 Tusci
1208 2944 1493 2995 opinabantur.
1550 2942 1745 2991 Quoniam
1776 2946 1911 2983 autem
1941 2943 2262 2983 demonstratum
2306 2946 2369 2982 est

290 2996 492 3049 Romanos
534 3020 559 3046 a
601 3007 734 3048 media
777 3011 893 3047 nocte
935 3008 1016 3048 diei
1058 3008 1218 3048 initium
1260 3007 1435 3055 duxisse,
1480 3009 1581 3049 satis
1615 3010 1788 3059 apparet
1816 3020 1922 3060 quae
1951 3009 2004 3048 sit
2032 3007 2138 3049 ratio
2179 3007 2265 3050 eius
2308 3007 2365 3049 rei

934 344 950 385 ᾗ
979 345 982 347 ’
996 334 1124 403 (ᾗ,
1129 327 1273 388 uelut
1278 334 1492 393 Aediylus
1518 344 1598 390 ap}
1619 294 1885 389 Strabonem
1895 350 1948 391 p.
1963 334 2032 378 ³3
2043 316 2102 379 C.·
2137 336 2225 387 3οᾶ
2238 338 2422 396 βίαια·-
2521 294 2636 315 υ

774 385 984 449 josaia*
969 398 1023 456 in
1026 383 1189 445 medio
1201 399 1338 455 relitiq
1333 392 1504 453 uehunt,
1532 404 1581 441 ut
1604 399 1744 444 idem
1744 397 2039 455 profiterentur
2063 405 2205 458 atque
2213 392 2461 454 'ius-101⁷}

743 458 929 517 ’φίλοι
936 455 994 503 ὀῧ
1016 457 1095 527 γᾷρ
1117 457 1249 514 ’ἴδμεν
1261 459 1370 518 ὅπη
1387 457 1524 516 ἠέλιος
1550 460 1856 517 φαεσίμβροτος
1881 457 1958 503 εἴθ
1985 461 2085 505 ὕπὸ
2089 460 2236 520 χαΐα».
2289 463 2376 509 Noc
2462 513 2468 516 ,
2520 471 2532 477 ’
