2648 3533
982 1103 1646 1178 Commentaria.

367 1277 629 1318 Exordium
659 1277 776 1329 capio
805 1276 858 1317 ab
889 1276 964 1318 hoc
994 1276 1080 1318 loco
1108 1277 1226 1318 Pauli
1257 1277 1411 1319 Festini
1432 1292 1469 1330 p.
1501 1279 1523 1316 3
1544 1278 1603 1318 M:
1626 1278 1880 1319 ”Axamenta
1899 1278 2142 1320 dicebantur
2161 1278 2345 1319 carmina

258 1341 438 1382 Saliaria
480 1355 586 1393 quae
629 1355 654 1381 a
683 1340 804 1381 Saliis
832 1341 1087 1381 canebantur
1115 1342 1155 1381 in
1186 1342 1399 1382 uniuersos
1426 1350 1557 1387 <eos
1584 1355 1681 1393 quos
1705 1343 1925 1393 yeneratim
1952 1344 2248 1390 immorant>
2276 1341 2346 1383 ho-

257 1406 405 1453 mines3
436 1419 528 1446 nam
557 1406 599 1445 in
627 1404 724 1445 deos
752 1405 933 1457 singulos
962 1419 1105 1445 uersus
1135 1405 1232 1445 facti
1262 1419 1287 1444 a
1316 1405 1549 1445 nominibus
1577 1419 1717 1446 eorum
1745 1406 2077 1459 appellabantur,
2093 1409 2140 1447 ut
2168 1405 2345 1453 lanuli,

258 1470 469 1517 Iunonii‚
513 1469 768 1510 Mineruii”
796 1470 890 1521 (pro
921 1469 1128 1510 'homines'
1157 1483 1372 1510 semones
1401 1470 1572 1510 coniecit
1602 1469 1792 1520 Hartung
1822 1474 1863 1509 et
1892 1469 2101 1522 Lysander
2130 1469 2236 1510 Hist.
2265 1470 2343 1509 litt.

257 1534 329 1574 lat.
364 1548 400 1586 p.
440 1535 526 1582 102,
568 1533 676 1585 quod
720 1534 1041 1584 angustioribus,
1071 1547 1193 1585 quam
1222 1543 1300 1585 par
1328 1532 1408 1576 est,'
1431 1533 1580 1574 finibus
1608 1547 1694 1573 rem
1723 1533 1899 1586 definit).
1957 1533 2013 1574 Iis
2041 1546 2146 1585 quae
2176 1533 2345 1574 traditis

257 1598 406 1646 uerbis,
449 1611 555 1648 quae
597 1597 814 1637 manifesto
844 1611 923 1638 non
952 1599 1115 1649 integra
1143 1602 1249 1645 sunt,
1279 1598 1452 1645 intexui,
1482 1610 1622 1638 ueram
1652 1596 1797 1638 saltem
1832 1598 2078 1638 sententiam
2113 1597 2344 1639 restituisse

255 1662 408 1702 uideor.
469 1662 553 1702 Hoc
595 1662 702 1702 enim
745 1661 831 1701 sine
874 1661 998 1701 dubio
1042 1660 1186 1703 Festus
1214 1662 1392 1710 dixerat,
1422 1662 1523 1702 alios
1552 1662 1648 1702 deos
1677 1662 1867 1703 uniuerse
1895 1675 1944 1702 ac
1972 1663 2212 1714 generatim,
2241 1661 2344 1703 alios

256 1726 497 1765 nominatim
540 1738 565 1764 a
608 1724 730 1764 Saliis
772 1737 858 1764 esse
887 1725 1113 1765 inuocatos.
1170 1725 1224 1764 Et
1252 1729 1412 1765 constat
1440 1725 1638 1775 quosdam
1667 1724 1763 1765 deos
1791 1739 1880 1765 cum
1912 1726 2141 1766 nominibus
2169 1725 2344 1776 propriis

255 1792 456 1834 carerent,
500 1788 661 1840 generis
689 1788 850 1828 nomine
879 1787 1021 1829 solitos
1050 1801 1136 1829 esse
1166 1788 1231 1829 uel
1260 1788 1480 1840 pluraliter
1509 1788 1796 1840 comprehendi
1824 1787 1892 1829 uel
1921 1788 2189 1840 singulariter
2218 1787 2342 1844 signi-

254 1852 381 1892 ficari.
442 1851 565 1891 Velut
593 1851 774 1891 carmine
804 1851 981 1890 fratrum
1013 1851 1226 1891 Arualium
1258 1852 1496 1891 nominatim
1528 1851 1744 1899 Marmars,
1772 1851 1896 1901 Mars,
1925 1851 2096 1900 Mamor,
2117 1851 2342 1902 generatim

256 1915 383 1955 Lares
424 1918 466 1955 et
514 1914 704 1954 Semones
748 1914 1006 1953 inuocantur.
1065 1914 1166 1953 Item
1211 1914 1324 1961 Salii,
1354 1927 1444 1954 cum
1473 1915 1611 1955 uerbis
1641 1915 1780 1966 populi
1808 1916 1965 1956 romani
1995 1916 2058 1955 dis
2086 1913 2344 1966 Indigetibus

255 1978 558 2030 supplicabant,
601 1977 775 2017 fortasse
818 1977 1086 2029 appellabant
1128 1977 1276 2018 Lares
1319 1978 1610 2027 Praestites‚
1645 1979 1695 2019 de
1724 1979 1874 2029 quibus
1902 1978 2073 2020 Ouidius
2103 1978 2153 2017 V.
2183 1977 2342 2018 Fastor.

259 2043 333 2081 129
364 2055 451 2093 sqq.
509 2041 867 2081 ”Praestitibus
910 2040 1043 2081 Maiae
1087 2041 1296 2081 Laribus
1339 2041 1478 2081 uidere
1513 2041 1723 2082 Kalendae
1752 2055 1867 2082 aram
1903 2042 2097 2082 constitui
2131 2053 2343 2093 paruaque

255 2107 373 2157 signa
414 2106 534 2146 deum
576 2129 614 2134 —
658 2129 695 2134 -
740 2118 864 2144 causa
908 2098 1048 2145 tamen
1087 2105 1210 2156 positi
1254 2105 1389 2145 fuerat
1431 2106 1683 2157 cognominis
1723 2105 1807 2146 illis
1835 2105 1944 2158 quod
1972 2108 2188 2157 praestant
2215 2103 2343 2145 oculis

253 2171 390 2210 omnia
419 2175 512 2209 tuta
541 2170 633 2209 suis.
666 2174 778 2208 stant
807 2182 969 2220 quoque
999 2182 1072 2220 pro
1102 2169 1218 2208 nobis
1247 2174 1288 2209 et
1317 2174 1514 2220 praesunt
1544 2170 1753 2209 moenibus
1782 2169 1899 2209 urbis
1926 2173 1969 2209 et
1988 2160 2085 2209 sunt
2104 2171 2341 2220 praesentes

252 2234 534 2283 auxiliumque
576 2233 746 2273 ferunt”.
805 2233 863 2272 De
892 2233 941 2272 iis
970 2233 1018 2272 cf.
1050 2232 1158 2272 Plut.
1193 2247 1282 2286 κεφ.
1313 2236 1410 2286 ῥωμ.
1440 2232 1507 2273 LI.
1563 2233 1615 2272 Hi
1645 2246 1734 2273 cum
1765 2234 1981 2274 uniuersae
2009 2233 2124 2273 urbis
2151 2231 2340 2272 custodes

251 2296 458 2345 dicantur,
487 2309 587 2336 cura
615 2309 754 2336 eorum
784 2295 836 2335 ad
865 2296 1100 2336 uniuersum
1130 2297 1322 2350 populum
1353 2298 1558 2348 pertinere
1586 2297 1744 2336 credita
1777 2300 1852 2337 est.
1908 2296 2018 2348 Ergo
2045 2309 2125 2337 non
2151 2295 2241 2336 iure
2268 2294 2342 2335 hos

251 2373 343 2399 cum
372 2359 550 2399 Laribus
578 2359 881 2410 compitalibus,
925 2360 994 2411 qui
1024 2360 1156 2411 primo
1190 2361 1252 2400 sui
1282 2361 1477 2412 cuiusque
1511 2360 1646 2411 gentis
1681 2372 1729 2400 ac
1758 2360 1934 2400 uiciniae
1961 2360 2005 2400 di
2032 2359 2212 2407 fuerunt,
2235 2356 2341 2398 Ger-

251 2423 371 2471 hard,
414 2423 505 2462 Ges.
537 2422 640 2461 Abh.
671 2422 704 2460 I.
736 2422 826 2473 339,
857 2423 1121 2463 commiscuit.
1179 2423 1414 2465 Camenae
1449 2426 1667 2464 uniuersae
1695 2424 1939 2465 inuocantur
1967 2424 2159 2464 carminis
2186 2422 2342 2462 Priami

251 2500 374 2528 uersu
417 2500 482 2537 ap.
527 2485 751 2526 Varronem
782 2485 825 2525 L.
857 2485 900 2525 L.
932 2485 1025 2525 VII.
1055 2487 1077 2539 ᾗ
1107 2487 1157 2528 28
1187 2487 1379 2534 ueterem,
1407 2486 1637 2535 Casmenas,
1667 2486 1827 2528 Cascam
1855 2487 1942 2529 rem
1971 2486 2064 2528 uolo
2093 2485 2270 2540 profari3
2298 2488 2341 2527 et

249 2552 428 2604 primum
447 2543 499 2578 ——'
516 2572 562 2578 —-
584 2572 629 2577 —
649 2549 878 2601 (⁹ueterem'
908 2550 1086 2590 Merula:
1119 2552 1303 2592 'ueteres'
1334 2552 1383 2601 F,
1413 2551 1672 2591 Casmenas
1700 2555 1764 2591 est
1783 2552 1973 2593 uocatiuo
1991 2565 2089 2592 casu
2108 2549 2340 2603 pluraliter3

250 2615 300 2655 cf.
343 2612 504 2654 Ritschl
544 2612 593 2652 de
636 2612 670 2652 D
712 2613 826 2654 finali
868 2628 905 2665 p.
941 2615 1013 2653 117
1045 2628 1104 2666 sq.
1135 2620 1176 2654 et
1208 2615 1430 2656 Buecheler
1459 2615 1560 2656 decl.
1589 2616 1652 2656 ed.
1682 2616 1743 2656 W.
1773 2616 1796 2668 ξ
1825 2616 1909 2667 81).
1969 2615 2052 2656 Eas
2080 2616 2205 2656 etiam
2234 2612 2340 2654 Salii

250 2677 502 2719 carminibus
531 2676 870 2728 comprehendere
900 2677 1150 2727 debuerunt3
1181 2678 1288 2728 quod
1317 2677 1428 2718 fama
1457 2682 1558 2725 erat,
1589 2691 1713 2730 quam
1742 2678 1916 2719 tradidit
1950 2677 2200 2719 Plutarchus
2217 2675 2338 2717 Num.
2385 2679 2390 2684 '

249 2758 281 2784 c.
332 2742 392 2789 13,
434 2755 459 2780 a
488 2740 620 2780 Numa
650 2741 841 2792 Egeriam
870 2740 1150 2793 Camenasque
1179 2744 1221 2782 in
1250 2742 1418 2782 consilio
1446 2743 1625 2789 habitas,
1653 2755 1744 2782 cum
1772 2741 1922 2782 ancilia
1949 2741 2000 2782 de
2033 2742 2146 2783 caelo
2173 2740 2338 2783 cecidis-

249 2812 359 2856 sent3
402 2806 617 2856 locumque
660 2805 774 2846 illum
817 2819 909 2846 cum
939 2807 988 2846 iis
1017 2819 1123 2857 quae
1156 2806 1266 2846 circa
1300 2809 1436 2846 essent
1465 2806 1517 2845 ab
1545 2806 1685 2846 eodem
1715 2805 1903 2847 Camenis
1929 2819 2016 2847 esse
2044 2808 2337 2847 consecratum.

249 2872 290 2914 Si
321 2870 592 2912 Penatibus
620 2870 789 2921 populi
819 2871 1003 2911 romani
1033 2870 1098 2911 uel
1129 2870 1204 2911 dis
1232 2870 1413 2923 patriis
1441 2870 1512 2922 (cf.
1544 2869 1692 2922 Hygin.
1722 2883 1784 2922 ap.
1815 2869 1992 2911 Macrob.
2023 2869 2062 2910 S.
2091 2869 2171 2911 111.
2201 2870 2238 2908 4.
2271 2867 2338 2918 13)

249 2935 315 2975 uel
338 2933 655 2983 Indigetibus
686 2935 897 2981 uniuersis,
922 2930 1034 2973 euius
1054 2935 1111 2973 rei
1131 2933 1321 2984 exempla
1341 2934 1414 2973 dat
1432 2933 1596 2973 Brisson
1617 2933 1667 2972 de
1690 2932 1875 2973 formulis
1894 2947 1931 2985 p.
1947 2934 1997 2973 46
2012 2933 2244 2985 (LXXXV)
2263 2944 2337 2983 sq„

249 2998 349 3039 Salii
379 3010 542 3049 quoque
572 2997 872 3049 supplicabant,
902 2998 964 3037 his
995 2998 1107 3038 locus
1136 2998 1177 3038 in
1207 2999 1447 3038 Axamentis
1476 2996 1705 3037 attributus
1725 3001 1813 3046 ‚est3
1843 2998 2086 3048 praesertim
2106 2997 2141 3037 si
2161 2996 2337 3038 Varroni

248 3061 454 3102 credimus
497 3074 562 3112 ap.
606 3060 831 3101 Arnobium
877 3060 957 3100 III.
1001 3062 1052 3101 40
1080 3061 1254 3103 Penates
1283 3062 1354 3113 qui
1381 3065 1518 3102 essent
1546 3062 1587 3101 in
1617 3061 1771 3102 intimis
1800 3060 2081 3113 penetralibus
2109 3060 2211 3102 caeli
2240 3059 2337 3100 deos

247 3125 385 3170 fuisse,
430 3138 503 3166 nec
545 3138 685 3167 eorum
728 3139 941 3167 numerum
984 3139 1056 3166 nec
1099 3126 1264 3167 nomina
1306 3126 1411 3166 sciri.
1468 3124 1546 3167 Sed
1588 3126 1688 3167 haec
1728 3126 1915 3177 quaestio
1957 3139 2034 3167 non
2069 3108 2203 3178 potssst
2232 3123 2337 3165 solui
2378 3164 2413 3174 .,
