2648 3533
1142 641 1553 745 'Adde-uda.
2262 683 2267 685 ’
2385 681 2416 684 ψ

421 837 491 878 Ad
510 850 555 888 p.
583 839 655 878 22.
711 836 794 877 Cur
836 837 1139 890 cosmis(-es)
1180 836 1431 877 casmillus
1473 835 1704 879 Casmena
1746 837 1849 878 fiant
1876 840 2028 879 comes
2061 837 2277 879 camillus
2309 836 2395 878 Ga-

313 914 466 945 mena,
509 904 550 939 et
594 914 715 951 porro
757 902 977 951 *quosme
1019 907 1198 951 (μη-11110,
1227 900 1422 939 dusmos
1450 899 1629 945 dumus,
1658 915 1842 942 resmos
1874 909 2044 953 remos,
2079 915 2216 946 causa,
2246 902 2326 942 nisi
2353 901 2396 941 in

314 963 550 1015 disparibus
591 964 672 1004 sita
714 967 777 1003 est
805 964 1138 1014 praecedentium
1166 962 1371 1003 uocalium
1405 962 1721 1014 quantitatibus,
1750 965 1917 1005 uidetur
1945 978 1991 1006 ea
2020 965 2146 1006 fuisse
2173 965 2283 1017 quod
2311 978 2394 1006 me-

313 1027 406 1068 diae
433 1040 554 1067 uoces
582 1027 690 1068 aliae
719 1027 841 1067 aliter
869 1041 942 1078 per
971 1027 1150 1080 syllabas
1179 1026 1476 1067 diuidebantur
1504 1028 1824 1079 pronuntiando:
1860 1029 2001 1081 itaque
2028 1032 2199 1069 res-mos
2216 1036 2395 1078 ref-mos,

312 1100 442 1131 remos
471 1103 508 1131 c:
536 1091 753 1132 Οᾶ-εηιεηα
783 1093 1003 1136 Cei-’menen
1032 1092 1216 1132 Camena.
1252 1089 1326 1129 Est
1354 1089 1486 1129 forma
1514 1090 1634 1130 huius
1663 1093 1835 1141 generis,
1864 1092 1914 1132 de
1943 1105 2023 1143 quo
2051 1092 2276 1143 disputatio
2303 1105 2395 1132 mea

311 1156 353 1196 in
395 1159 474 1195 act.
518 1168 595 1195 soc.
638 1155 735 1206 phil.
778 1155 1008 1195 Lundensis
1050 1155 1125 1194 hoo
1167 1167 1273 1205 anno
1315 1153 1473 1194 edetur.
1529 1152 1726 1195 Similiter
1754 1155 1794 1195 in
1828 1155 2048 1195 uerborum
2089 1155 2394 1207 intercapedine

311 1232 330 1259 s
359 1220 493 1271 prima
534 1218 706 1259 alterius
749 1218 863 1258 uerbi
897 1219 1074 1259 habetur
1103 1217 1255 1258 nullius
1282 1218 1414 1256 instar
1443 1218 1637 1257 momenti
1665 1217 1718 1257 ad
1748 1218 2037 1268 quantitatem.
2092 1218 2308 1269 Lucretius
2334 1217 2394 1259 IV

312 1284 362 1323 de
390 1283 438 1322 R.
467 1282 516 1322 N.
547 1284 623 1322 846
652 1282 820 1322 mollia
850 1286 1029 1331 strata3
1059 1281 1115 1321 VI
1145 1283 1222 1322 943
1251 1282 1495 1322 mentibus
1524 1281 1742 1331 stillant;
1784 1282 1954 1323 Ouidius
1981 1282 2025 1323 II
2054 1284 2090 1322 6.
2121 1284 2167 1323 61
2199 1283 2394 1324 hebetare
2439 1303 2442 1307 ’

310 1345 562 1396 smaragdos.
618 1344 676 1385 De
705 1358 751 1385 eo
781 1358 928 1396 genere
956 1345 1123 1396 exponit
1153 1344 1196 1383 L.
1226 1343 1400 1384 Mueller
1429 1343 1545 1384 DRM
1573 1358 1613 1396 p.
1642 1345 1717 1386 317
1748 1359 1835 1398 sqq.
1891 1346 1977 1387 Hoc
2006 1359 2104 1388 uero
2131 1347 2266 1398 prisea
2295 1349 2394 1387 uoce

309 1409 510 1461 pertinuit
551 1408 677 1447 etiam
719 1408 772 1447 ad
815 1408 1016 1459 quaedam
1046 1408 1254 1447 interiora.
1310 1407 1483 1447 Plautus
1511 1408 1552 1446 in
1582 1408 1710 1448 Persa
1739 1410 1789 1448 76
1818 1409 1911 1449 ”ubi
1939 1410 2018 1450 sint
2047 1413 2395 1461 magr-stratus

311 1472 413 1524 quos
455 1485 600 1511 curare
641 1471 863 1522 oporteat”.
920 1471 1033 1511 Idem
1075 1473 1117 1511 in
1159 1471 1250 1510 Aul.
1293 1472 1340 1509 71
1379 1471 1586 1511 ”ne-scio
1619 1472 1688 1522 pol
1731 1486 1835 1523 quae
1878 1473 2083 1514 hominem
2126 1473 2393 1525 intemperiae

311 1536 486 1576 tenent”.
543 1534 606 1573 Ab
635 1534 1018 1575 *obs-tendendo
1047 1534 1376 1575 6·stenderem
1412 1535 1518 1574 dixit
1546 1535 1760 1576 Terentius
1789 1535 1951 1577 Phorm.
1980 1537 2070 1577 793.

419 1642 489 1682 Ad
521 1655 567 1692 p.
611 1641 673 1682 20.
736 1640 799 1681 De
842 1654 892 1681 re
933 1641 1138 1680 metrica
1179 1654 1270 1681 cum
1312 1643 1541 1681 ceterorum
1584 1640 1869 1682 Saturniorum
1911 1645 1999 1683 tum
2041 1642 2260 1684 Saliarium
2303 1647 2396 1696 post

311 1706 450 1758 paullo
478 1705 708 1756 disputabo.
768 1705 843 1744 Hic
872 1706 999 1756 igitur
1029 1705 1104 1744 hoc
1133 1708 1295 1744 tantum
1324 1705 1496 1753 affirmo,
1525 1705 1633 1757 quod
1662 1718 1778 1746 nemo
1807 1718 1884 1746 non
1914 1705 2040 1755 uidet,
2070 1719 2138 1747 eos
2165 1719 2267 1757 quos
2285 1706 2395 1748 edidi

312 1769 527 1810 Saturnios
568 1769 621 1808 ad
663 1768 919 1808 recitandum
962 1781 1048 1808 esse
1092 1767 1232 1807 faciles
1274 1771 1316 1807 et
1356 1767 1486 1807 factos
1526 1767 1687 1819 legibus
1728 1769 2009 1809 communibus
2051 1769 2171 1809 metri
2200 1768 2394 1810 Saturnii.

312 1833 417 1875 Nam
459 1846 546 1879 esse
575 1833 700 1873 etiam
731 1832 943 1873 Saturnios
972 1834 1058 1872 sine
1087 1832 1291 1879 anacrusi‚
1319 1831 1655 1872 commentatione
1683 1845 1732 1871 ea
1761 1844 1884 1882 quam
1912 1831 1998 1872 dixi
2025 1832 2178 1876 multis,
2199 1832 2396 1885 exemplis

312 1897 612 1938 demonstrabo.
668 1896 784 1944 Quod
827 1897 861 1936 si
902 1896 970 1935 cui
1013 1896 1206 1936 uideatur
1248 1894 1307 1935 Ia.
1337 1895 1569 1936 2.Vero1n
1615 1895 1673 1935 ad
1715 1893 1850 1947 patla
1883 1893 2060 1937 coemis
2093 1910 2141 1937 es
2168 1895 2191 1950 ΙΙ
2219 1896 2396 1938 laneus

312 1961 457 2002 Ianes
498 1959 640 2012 paullo
682 1959 889 2000 difficilior
931 1959 985 2000 ad
1029 1958 1298 2003 recitandum,
1341 1958 1515 2010 exempli
1558 1971 1681 1998 causa
1714 1958 1766 1997 ad
1796 1960 2140 2010 comparationem
2168 1959 2295 2001 affero
2324 1960 2396 2001 hos

312 2024 555 2071 simillimos,
576 2023 754 2063 alterum
783 2022 916 2062 Naeui
944 2026 994 2063 de
1024 2022 1132 2062 bello
1162 2022 1334 2062 Poenico
1363 2035 1427 2073 ap.
1457 2022 1710 2062 Priscianum
1739 2021 1759 2060 I
1788 2021 1865 2062 234
1892 2023 1930 2063 K
1960 2023 2181 2075 Magnam
2210 2024 2394 2065 domum

313 2088 633 2139 dscoremque
660 2087 678 2141 ΙΙ
707 2089 855 2127 ditem
899 2087 1158 2135 uexarant;
1201 2086 1379 2125 alterum
1421 2087 1471 2126 de
1500 2085 1684 2137 sepulcro
1712 2083 1878 2125 Caecilii
1907 2085 1948 2125 C.
1978 2085 2011 2125 Ι.
2041 2085 2086 2126 L.
2114 2086 2134 2126 1
2166 2087 2266 2127 1006
2299 2087 2396 2128 Hoc

312 2164 386 2204 est
414 2163 597 2203 factum
627 2161 979 2202 monumentum
1007 2159 1025 2213 ΙΙ
1046 2159 1208 2200 Marco
1237 2146 1455 2199 Gaioili'oT
1512 2159 1632 2199 Prius
1660 2159 1958 2200 hemistichium
1987 2160 2114 2211 priori
2143 2160 2396 2202 hemistichio

313 2227 407 2267 huic
448 2226 499 2266 de
541 2225 686 2266 tabula
717 2211 872 2277 'Regilli
901 2238 964 2276 ap.
995 2223 1109 2264 Caes.
1139 2222 1311 2262 Bassum
1338 2235 1377 2273 p.
1412 2223 1469 2262 10.
1505 2221 1550 2261 13
1579 2221 1616 2261 Κ
1645 2222 1802 2274 pariter
1830 2226 1872 2262 et
1899 2222 2138 2279 aequaliter·
2160 2224 2395 2276 respondet:

313 2288 478 2329 duello
508 2288 679 2339 magno
708 2287 979 2327 dirimendo
1010 2287 1037 2339 ΙΙ.

419 2352 489 2393 Ad
507 2365 554 2403 p.
582 2355 650 2401 20,
671 2352 874 2402 patula-
882 2352 1018 2402 patla.
1072 2350 1133 2390 Cf.
1163 2349 1204 2390 C.
1234 2350 1265 2390 Ι.
1296 2349 1339 2390 L.
1372 2349 1389 2389 I
1422 2350 1535 2401 1431,
1572 2349 1686 2390 cuius
1715 2349 1827 2391 tituli
1855 2353 1918 2390 est
1946 2363 2090 2391 uersus
2117 2351 2175 2392 sic
2201 2351 2394 2404 scriptus:

314 2416 426 2456 ”cum
456 2416 526 2456 diu
555 2429 626 2456 am
637 2415 854 2455 bulareis
882 2419 1020 2455 tamen
1049 2415 1123 2454 hoc
1154 2414 1445 2454 ueniundumst
1474 2413 1586 2460 tibi”,
1606 2414 1662 2454 sic
1682 2413 1935 2454 recitandus:
1966 2426 2059 2454 cum
2077 2409 2151 2454 diu
2169 2415 2396 2464 ammanus,

312 2480 451 2521 tamen
480 2480 553 2521 hoo
581 2480 868 2520 veniundumst
897 2479 1004 2519 tibi”.
2111 2487 2120 2494 ’

420 2603 490 2644 Ad
508 2616 554 2654 p.
583 2606 642 2644 32
670 2616 741 2654 341„
769 2607 893 2643 cante.
949 2602 1008 2643 cf.
1039 2604 1164 2644 etiam
1193 2616 1241 2643 ea
1269 2604 1389 2644 huius
1416 2604 1578 2655 generis
1606 2602 1792 2654 exempla
1820 2616 1925 2654 quae
1953 2603 2098 2644 attulit
2125 2603 2262 2646 Hauet
2290 2603 2397 2646 MSL

313 2669 370 2710 IV
401 2667 490 2707 231.
