2648 3533
278 268 406 328 atque
446 234 673 321 hominum,
714 260 960 327 Iuppiter&-
958 240 1206 316 Proximos
1246 273 1340 315 Ioui
1380 274 1556 323 honores
1568 243 1701 328 apud
1708 252 1883 332 ”uqa
1971 246 2081 341 fjx...

273 338 406 381 Ianus
446 339 681 395 occupauit,
709 338 793 390 sed,
823 337 935 391 quod
964 341 1103 380 monet
1130 337 1353 380 Mommsen
1382 323 2106 402 Hist.Rom⁷.1·1632q.‚Rirs.
2163 320 2328 403 fd*

233 402 389 454 quod
419 402 644 442 Mommsen
673 402 774 442 dicit
801 402 828 442 l
857 416 890 442 c.
921 416 959 453 p.
991 404 1069 442 164
1098 402 1272 441 Martem
1301 403 1562 443 caerimoniis
1589 403 1815 454 sacrisque
1824 401 1967 455 magis
1979 410 2021 443 ‘a-
2032 414 2197 461 pum
2209 396 2259 445 ὅ

278 477 368 506 esse
395 477 519 516 quam
548 463 706 533 Iouem,
733 463 845 505 fama
874 470 949 505 aut
978 464 1176 505 memoria
1194 464 1398 515 originum
1420 477 1684 506 romanarum
1706 462 2012 518 comprobatur.
2066 464 2257 511 2131·th
2257 462 2390 513 effi
2424 453 2458 526 ⁴}

280 529 430 569 mensis
464 541 539 568 cur
567 524 725 580 primus
754 527 881 568 fuerit
908 542 948 580 p.
977 529 1027 567 47
1048 528 1202 568 dictum
1233 532 1308 568 est.
1337 527 1452 576 Quod
1473 529 1505 567 si
1527 528 1626 580 quid
1655 527 1873 580 dignitatis
1893 529 2018 570 Marti
2037 528 2181 571 ordino
2198 529 2372 583 pnihno
2399 543 2404 546 ·
2448 542 2454 546 “
2514 572 2518 585 ,γ

278 605 490 634 mensuum
534 592 718 636 accessit,
762 592 802 631 id
848 592 994 631 habuit
1028 596 1126 630 ante
1163 591 1325 638 Ianum,
1355 591 1463 642 quod
1493 592 1673 632 ostendit
1701 589 1950 633 Plutarchus
1979 589 2097 634 Num.
2126 608 2160 635 c.
2192 597 2242 637 19
2260 591 2293 635 ὁ
2318 592 2414 649 δὲῃ
2451 592 2453 594 ’
2502 595 2524 613 '³

278 660 445 708 πρωεος
483 652 704 707 Ἰανοάριος
746 651 833 692 α’πὸ
874 658 947 693 τοῦ
984 650 1123 694 Ἰανοῦ.
1180 656 1313 694 Δοκεῖ
1355 653 1402 695 δέ
1427 668 1498 704 μοι
1528 653 1601 695 τὸν
1629 654 1822 708 Μάρτιον
1850 654 1873 695 ὁ
1901 661 2046 707 Νομᾶς
2060 658 2122 712 (ἓ)
2157 656 2375 710 §niumm

278 716 378 759 ὄντα
419 724 493 758 τοῦ
526 717 678 771 Ἄρεως
718 714 763 757 ἐκ
791 722 864 770 τῆς
892 715 1115 769 προεδρίας
1141 721 1398 770 μεταστῆσαι
1429 718 1508 770 (De
1538 718 1592 758 ”N
1599 722 1711 759 uma'’
1739 720 1781 760 id
1811 734 1888 762 non
1918 735 2014 763 uere
2042 722 2178 764 dicere
2206 723 2372 765 Plutarss-

280 783 402 822 chum
431 797 509 822 non
537 787 601 822 est
629 782 737 832 quod
766 784 984 829 moneam).
1014 805 1066 810 —
1095 780 1235 822 Iouem
1267 795 1363 821 uero
1393 796 1517 822 unum
1547 798 1571 823 a
1600 784 1773 824 Romulo
1802 786 2034 826 inuocatum
2065 787 2105 826 in
2136 800 2292 828 summo
2310 786 2371 828 di·

281 847 470 887 scrimine
513 845 623 886 fama
667 849 729 885 est
766 845 855 885 Liu.
884 844 905 883 Ι
941 845 998 884 10.
1030 846 1071 894 6;
1106 845 1165 884 12.
1195 846 1238 894 4;
1268 844 1379 885 Iouis
1408 846 1561 886 iussum
1591 847 1738 888 auibus
1766 847 1935 888 Romam
1965 848 2193 890 condidisse
2221 863 2265 891 se
2292 849 2370 892 Ro-

280 910 415 950 mulus
458 910 597 949 dicens
638 909 848 948 inducitur
889 909 941 947 ab
971 908 1088 947 Liuio
1119 909 1144 947 l.
1180 922 1218 959 q.
1249 910 1431 960 proxime
1461 910 1567 959 dixi3
1596 909 1731 951 Numa
1762 910 1848 951 Ioui
1877 912 2084 953 assiduum
2115 913 2370 955 sacerdotem

279 987 368 1013 eam
397 974 449 1013 ob
477 987 640 1012 causam
671 974 875 1012 creauisse
904 972 1057 1011 dicitur
1088 986 1136 1011 ne
1166 986 1283 1011 sacra
1312 973 1450 1023 regiae
1481 974 1582 1012 uicis
1610 974 1913 1022 desererentur,
1942 975 2028 1014 Liu.
2060 976 2080 1015 1
2109 977 2170 1015 20.
2208 977 2245 1014 2.
2280 976 2371 1017 Ioui

279 1039 456 1090 primum
486 1038 664 1077 omnium
696 1035 892 1087 templum
922 1035 1075 1075 Romae
1106 1040 1309 1075 sacratum
1342 1040 1415 1081 est,
1446 1039 1551 1076 teste
1581 1037 1698 1077 Liuio
1725 1037 1745 1076 I
1781 1038 1838 1078 10.
1868 1040 1903 1079 7.
1934 1038 2047 1087 Quae
2076 1053 2167 1079 cum
2188 1040 2254 1080 ita
2271 1041 2367 1082 sint.

279 1115 362 1142 non
391 1101 573 1142 arbitror
600 1101 904 1140 assentiendum
934 1113 1019 1140 esse
1051 1099 1297 1140 Mommseno
1327 1100 1351 1139 l.
1383 1114 1414 1139 c.
1446 1114 1484 1151 p.
1521 1101 1604 1149 167,
1634 1114 1724 1141 cum
1744 1100 1940 1152 templum
1960 1101 2238 1154 Capitolinum
2260 1105 2372 1156 quod

279 1165 390 1205 fama
420 1169 482 1206 est
511 1164 779 1216 Tarquinium
810 1163 1041 1215 Superbum
1071 1162 1308 1203 aedificasse
1339 1163 1404 1203 uel
1436 1163 1571 1214 potius
1599 1164 1816 1204 aedificare
1845 1166 2024 1217 coepisse
2055 1165 2278 1218 perfectum
2311 1181 2371 1208 es·

278 1234 340 1269 set
375 1229 555 1279 urbsque
601 1229 809 1268 moenibus
839 1229 973 1267 cincta
1002 1227 1270 1278 amplioribus
1299 1228 1416 1278 quasi
1445 1228 1580 1267 denuo
1609 1228 1788 1276 condita,
1818 1233 1905 1269 tum
1934 1229 2109 1281 denique
2138 1230 2227 1270 Ioui
2257 1234 2370 1282 prin-

279 1294 460 1344 cipatum
505 1293 614 1331 inter
660 1291 757 1330 deos
786 1304 873 1330 esse
902 1290 1096 1330 delatum.
1156 1290 1259 1329 Eum
1290 1291 1394 1330 enim
1425 1292 1702 1342 principatum
1732 1292 1920 1344 luppiter
1949 1294 2127 1345 optimus
2154 1296 2370 1343 maximus,

279 1357 423 1407 genius
465 1355 606 1407 populi
649 1355 821 1395 Romani
851 1354 1053 1405 idemque,
1084 1359 1130 1394 ut
1159 1356 1268 1406 apud
1298 1354 1489 1402 Gmceos,
1518 1355 1658 1395 mundi
1689 1359 1900 1406 regnator,
1931 1357 2026 1397 inde
2054 1357 2107 1397 ab
2137 1358 2370 1409 antiquissi-

279 1421 355 1459 mis
398 1419 653 1470 temporibus
695 1418 886 1458 obtinuit.
944 1417 1132 1467 Itemque
1175 1419 1215 1456 in
1246 1418 1339 1458 aliis
1367 1418 1567 1458 Italorum
1598 1419 1773 1470 populis.
1838 1419 1980 1459 Umbri
2009 1421 2172 1471 quidem
2202 1421 2369 1472 Iguuini

279 1483 430 1530 Iouem,
461 1487 506 1522 ut
534 1484 640 1522 arcis
669 1482 936 1533 ciuitatisque
965 1481 1207 1533 praesidem,
1240 1484 1415 1522 maxime
1445 1483 1751 1522 uenerabantur
1779 1489 1821 1523 et
1852 1498 1927 1524 non
1960 1498 2040 1524 uno
2070 1485 2229 1525 nomine
2257 1486 2370 1526 inuo-

279 1548 442 1588 cabant.
501 1547 559 1586 De
588 1540 954 1586 eadem‘Oscorum
984 1544 1171 1594 opinione
1200 1545 1359 1584 tradita
1388 1546 1665 1585 testimonium
1696 1550 1758 1586 est
1786 1546 1955 1587 Difivei
1990 1547 2257 1599 Regaturei
2286 1549 2369 1588 tab.

278 1611 383 1661 Agn.
438 1609 789 1657 Quemadmodum
834 1608 992 1659 graecis
1033 1606 1138 1653 Ζεύς
1181 1613 1243 1647 est
1285 1606 1388 1653 θεὸς
1417 1608 1484 1647 uel
1527 1605 1549 1644 ὁ
1593 1607 1706 1659 θεὸς,
1741 1614 1783 1648 et
1811 1610 2004 1650 dicebant
2032 1609 2142 1657 Ζεύς
2168 1609 2238 1650 καὶ
2273 1610 2370 1650 θεοὶ

278 1668 415 1721 ἄλλοι,
444 1674 505 1715 ita
524 1673 578 1715 ab
603 1672 798 1715 Romanis
827 1672 1071 1713 dicebantur
1100 1670 1292 1725 Iupiter
1322 1671 1572 1723 ceterique
1601 1670 1658 1716 di,
1689 1670 1848 1713 Preller
1876 1671 2045 1726 Mythol.
2075 1672 2218 1715 Graec.
2253 1673 2304 1715 ⁴1.
2338 1676 2370 1715 l.

282 1740 372 1777 108-
424 1739 479 1777 Et
522 1739 729 1777 Arnobius
771 1738 838 1776 III
870 1739 966 1776 adu.
996 1737 1092 1782 Nat,
1124 1739 1159 1773 6.
1191 1749 1227 1786 p.
1262 1738 1335 1774 115
1365 1736 1481 1774 Reiff.
1513 1759 1564 1763 —
1592 1738 1730 1776 ”modo
1759 1738 1963 1777 discamus
1992 1740 2159 1789 quinam
2190 1741 2259 1779 isti
2289 1742 2373 1780 siut
2412 1768 2415 1770 >

278 1802 409 1841 diuini
436 1825 491 1831 —
520 1815 621 1852 quos
651 1815 725 1851 par
759 1803 813 1840 sit
842 1802 1011 1852 adiungi
1041 1801 1188 1839 summi
1217 1801 1328 1850 regis
1357 1814 1403 1839 ac
1432 1801 1627 1851 principis
1657 1802 1923 1842 uenerationi.
1980 1802 2196 1854 Saturnus,
2225 1805 2371 1855 inquit,

279 1871 321 1907 et
349 1866 474 1907 Ianus
503 1870 545 1907 et
576 1866 765 1906 Minerua
793 1865 897 1906 Iuno
928 1865 1073 1917 Apollo
1094 1865 1231 1905 Venus
1254 1863 1529 1915 Triptolemus
1559 1864 1753 1904 Hercules
1782 1869 1907 1917 atque
1927 1865 1999 1906 alii
2018 1866 2178 1906 ceteri”.
2220 1866 2370 1915 Quam-

279 1931 418 1970 obrem
450 1931 615 1970 tametsi
646 1943 716 1969 nec
749 1931 1017 1970 monumentis
1048 1941 1118 1968 nec
1148 1928 1258 1966 fama
1288 1939 1360 1966 nec
1390 1927 1562 1966 historia
1595 1928 1885 1978 comprobatur
1917 1929 1958 1967 id
1994 1929 2101 1980 quod
2129 1930 2230 1969 dicit
2251 1930 2370 1970 Docl-

258 1993 425 2043 ‘linger‚
468 1992 722 2032 Iudenthum
768 2007 805 2030 ιι.
851 1992 1126 2032 Heidenthum
1171 2005 1206 2041 p.
1243 1991 1332 2028 469.
1363 1991 1385 2041 ξ
1415 1992 1460 2028 21
1495 1992 1535 2029 in
1566 1992 1770 2030 mentibus
1799 1992 2064 2042 antiquorum
2094 1993 2369 2034 Romanorum

279 2057 402 2098 fuisse
445 2059 619 2109 speciem
661 2057 952 2097 adumbratam
996 2056 1061 2095 dei
1107 2055 1226 2096 unius
1260 2061 1302 2096 et
1337 2055 1390 2095 ad
1418 2055 1555 2094 omnia
1583 2055 1829 2105 pertinentis
1843 2055 1896 2107 ⁸³),
1931 2059 2066 2095 tamen
2096 2055 2207 2096 Iouis
2235 2058 2370 2098 omnia

277 2110 401 2172 pl'ena
445 2120 571 2173 uulgo
615 2121 830 2172 putabant.
889 2120 1147 2170 Quamquam
1192 2134 1269 2160 non
1313 2119 1540 2172 putandum
1571 2124 1633 2159 est
1662 2119 1812 2170 uulgus
1841 2119 1922 2159 illis
1951 2121 2202 2172 temporibus
2232 2121 2368 2162 Iouem

276 2185 402 2225 talem
446 2186 594 2227 animis
628 2185 796 2225 finxisse
826 2185 987 2236 qualem
1020 2185 1128 2224 dixit
1157 2185 1348 2224 Valerius
1377 2185 1556 2223 Soranus
1585 2197 1648 2234 ap.
1680 2183 1783 2234 Aug.
1812 2182 1854 2222 C.
1884 2183 1931 2223 D.
1964 2183 2042 2223 VII
2071 2186 2107 2224 9.
2163 2184 2370 2237 ”Iuppiter

218 2298 224 2301 ⁵
276 2250 564 2301 omnipotens”‚
595 2250 743 2301 inquit,
773 2248 937 2301 ”regum
967 2262 1186 2300 rerumque
1216 2249 1417 2299 deumque
1438 2247 1682 2297 Progenitor
1702 2248 1970 2298 genetrixque
1991 2247 2123 2293 deum,
2144 2247 2244 2288 deus
2263 2261 2370 2289 unus

278 2318 322 2353 et
349 2313 524 2354 omnes”.

384 2377 533 2418 Postea
575 2381 711 2418 autem
755 2379 982 2430 principum
1028 2378 1238 2418 dominatu
1276 2390 1366 2417 cum
1397 2377 1616 2429 religiones
1644 2377 1882 2416 iudaeorum
1913 2380 1954 2416 et
1982 2376 2299 2417 christianorum
2327 2380 2370 2416 et

276 2442 609 2493 philosophorum
640 2443 810 2481 inuenta
840 2441 1010 2481 inultum
1044 2441 1271 2480 ualuissent
1299 2440 1350 2479 ad
1381 2440 1555 2491 speciem
1585 2441 1647 2480 dei
1679 2440 1799 2480 unius
1826 2445 1868 2480 et
1899 2441 2191 2492 omnipotentis
2223 2440 2368 2480 menti-

278 2506 353 2546 bus
395 2506 601 2545 hominum
636 2505 965 2556 imprimendam,
1002 2509 1087 2544 tum
1120 2518 1262 2545 nomen
1292 2504 1396 2546 illud
1426 2504 1532 2545 ”deo
1562 2505 1774 2545 deorum⁷'
1802 2505 1977 2545 inditum
2008 2508 2070 2544 est
2096 2504 2198 2545 Ioui.
2256 2504 2369 2545 Bello

277 2569 442 2621 quidem
488 2568 541 2609 M.
586 2569 725 2610 Aureli
771 2570 1004 2620 germanico
1049 2569 1200 2609 milites
1243 2569 1334 2608 Ioui
1364 2568 1438 2608 hoc
1468 2569 1627 2608 nomine
1657 2568 1950 2608 acclamarunt.
2006 2566 2287 2609 Tertullianus
2315 2568 2368 2608 ad

277 2633 496 2684 Scapulam
532 2647 564 2672 c.
595 2635 632 2672 4.
662 2634 740 2673 703
771 2633 825 2672 M.
855 2633 1038 2673 ”Marcus
1067 2647 1228 2685 quoque
1260 2634 1451 2673 Aurelius
1480 2634 1521 2672 in
1553 2635 1787 2684 germanica
1815 2633 2085 2685 expeditione,
2115 2632 2367 2673 Christiano-

240 2738 243 2741 .
277 2711 366 2738 rum
398 2697 574 2738 militum
604 2698 857 2738 orationibus
885 2698 937 2738 ad
968 2698 1087 2738 deum
1117 2698 1248 2742 saetis,
1280 2697 1429 2738 imbres
1458 2698 1498 2737 in
1528 2698 1595 2737 siti
1625 2697 1698 2737 illa
1726 2697 1977 2749 impetrauit.
2008 2696 2199 2737 -·Tunc
2228 2701 2271 2736 et
2298 2710 2367 2748 po-

276 2761 412 2813 pulus,
443 2761 675 2802 acclamans
718 2762 813 2801 Deo
843 2761 1036 2801 deorum
1073 2763 1152 2814 qui
1188 2762 1321 2802 solus
1351 2766 1532 2813 potens,
1561 2762 1599 2801 in
1631 2761 1743 2801 Iouis
1775 2762 1934 2803 nomine
1964 2761 2039 2801 deo
2069 2764 2211 2800 nostro
2239 2761 2363 2801 testi-

361 2923 394 2965 ὓ)
430 2924 639 2964 Doellinger
673 2925 696 2955 1.
730 2934 775 2956 c.:
809 2924 1011 2956 ''einerseits
1034 2925 1120 2963 geht
1143 2924 1201 2954 ein
1223 2924 1559 2955 monotheistischer
1583 2923 1660 2964 Zug
1681 2925 1795 2955 durch
1817 2923 1874 2955 die
1897 2922 2087 2954 Bbmische
2111 2922 2296 2963 Religion;
2319 2930 2365 2955 an

274 2978 390 3010 ihrem
424 2977 630 3009 verhiillten
664 2978 831 3019 Anfange
855 2987 951 3008 muss
973 2977 1032 3008 ein
1055 2976 1213 3017 einziger
1237 2978 1460 3009 namenloser
1482 2977 1571 3009 Gott
1593 2977 1786 3017 gest-,auden
1816 2977 1943 3016 haben,
1965 2976 2027 3007 der
2049 2975 2087 3007 in
2108 2976 2171 3007 der
2194 2975 2304 3017 Folgs
2326 2975 2365 3016 ip

272 3032 340 3063 den
364 3031 505 3073 Iupiter
527 3031 691 3070 Optimus
714 3031 895 3062 Maximus
919 3030 1122 3071 iiberging”.
