2648 3533
1315 244 1367 284 24

289 354 370 392 act
401 349 738 399 Aru„1>ac6uius
765 349 970 396 Pacuuius
988 324 1176 400 Paciiius,
1194 344 1405 390 Vitrouius
1428 347 1647 395 Vitruuius
1660 322 1864 400 Vitrfiius3
1882 319 2067 407 itemque
2083 349 2178 405 ῥισὶ
2197 341 2378 402 οὓιιιζτώ

289 417 403 456 (53.1
436 415 504 455 Zv.
533 415 567 453 I.
597 414 657 464 O.‚
686 416 843 455 eituam
870 414 915 454 Τ.
948 414 990 454 Β
1023 415 1091 463 19;
1119 413 1311 454 similiter
1342 412 1486 459 Umbri
1514 411 1761 464 scripturam
1789 412 2026 463 uariarunt:
2054 411 2163 454 tuva
2181 413 2267 455 tua
2269 410 2379 467 Iuro
2410 400 2413 403 Ι
2439 404 2495 470 7⁷

289 481 386 529 bue3
416 492 547 531 neque
576 480 684 519 enim
713 479 885 518 dubium
913 482 976 518 est
1004 479 1102 529 quin
1132 478 1375 528 scripturae,
1404 489 1484 515 non
1516 477 1627 515 uocis
1655 476 1834 516 varietas
1861 477 1937 523 est,
1964 477 2000 516 si
2021 472 2123 517 una
2119 477 2164 517 V
2183 468 2380 524 scribitur

289 557 363 596 pro
406 544 585 591 duabus;
629 542 739 593 quod
782 540 958 582 maxime
1000 545 1175 593 apparet
1210 541 1242 580 si
1276 541 1317 580 in
1346 552 1426 580 uno
1454 539 1577 579 titulo
1606 542 1670 580 est
1697 540 1798 581 haec
1826 540 2041 591 uarietas,-
2036 531 2097 581 -ut
2122 531 2223 582 CIL.
2251 540 2272 582 Ι
2303 534 2393 583 199

288 605 413 646 Ηόιιίο
454 605 580 646 Ηῖιιιὶο
613 605 721 645 finio.
778 604 850 644 Sin
879 604 1090 656 praecedit-
1119 607 1195 643 aut
1222 604 1410 655 sequitur
1437 601 1483 651 Ο,
1512 603 1546 642 si
1576 602 1610 642 V
1640 616 1863 644 consonans
1892 609 1955 644 est
1982 604 2133 644 omissa
2159 604 2379 657 scriptura,

287 671 424 721 potius
466 670 754 717 dubitandum,
797 673 935 708 utrum
979 669 1031 707 ad
1067 668 1177 708 uocis
1206 668 1422 707 discrimen
1452 668 1660 717 pertineat
1690 680 1827 715 necne,
1858 670 1905 706 ut
1934 667 2066 708 noicia
2093 667 2192 707 CIL.
2223 667 2257 706 Ι.
2287 668 2379 716 819,

289 746 411 773 ιιοιιιιι
454 732 653 772 Horatius
695 731 738 770 C.
783 732 813 770 Ι.
858 732 921 770 31.
966 733 988 769 2
1023 731 1178 778 Keller,
1206 728 1557 770 Noembres·CIL.
1587 729 1606 768 Ι
1635 729 1730 777 831;
1760 730 1857 779 884,-
1887 730 1982 779 9Ο9;
2012 731 2090 788 924
2117 729 2409 784 Nuem(hres)-
2463 765 2467 770 s

288 796 322 834 I.
353 797 444 837 884.
500 795 621 836 Certe
651 796 690 834 in
723 795 785 834 his
815 794 980 845 quidem
1013 794 1223 834 uocabulis
1253 806 1358 844 quae
1388 793 1596 833 nominaui
1626 793 1679 831 ad
1709 793 1984 843 quantitatem
2019 793 2202 845 syllabae
2230 793 2380 835 omissa

288 859 545 899 semiuocalis
574 858 676 897 nihil
707 858 898 908 pertinet.

397 923 608 963 Postremo
637 922 745 972 quod
776 923 919 969 statui,
948 935 973 961 a
1001 923 1173 962 coemi·
1205 935 1289 961 esse
1319 922 1476 977 comi·‚
1505 921 1548 961 id
1578 921 1794 961 conuenire
1822 935 1913 961 cum
1939 934 2050 962 more
2069 922 2279 968 sermonis.
2300 935 2379 963 non

289 1000 391 1039 opus
434 990 496 1026 est
538 986 794 1037 argumentis
836 985 1116 1038 exemplisque
1159 986 1452 1032 demonstrare,
1481 985 1724 1037 praesertim
1769 998 1858 1025 cum
1902 985 1953 1026 de
1997 986 2074 1026 hac
2116 999 2160 1026 re
2189 990 2381 1028 accurate

289 1051 567 1102 disputauerit
609 1051 847 1090 Lachmann
890 1055 1104 1090 comment.
1141 1051 1257 1089 Lucr.
1288 1064 1325 1100 p.
1361 1052 1433 1089 134
1463 1064 1521 1100 sq.
1581 1050 1648 1097 At,
1678 1051 1711 1089 si
1739 1050 1944 1090 credimus
1972 1050 2124 1090 Iordan
2154 1056 2195 1089 et
2222 1050 2384 1091 Osthoff

288 1118 330 1154 et
372 1113 505 1157 Pauli,
549 1113 673 1152 comis
706 1112 862 1151 dictum
898 1117 961 1152 est
989 1127 1013 1151 a
1043 1114 1200 1156 cosmi,
1231 1113 1338 1163 quod
1368 1118 1431 1153 est
1460 1114 1503 1153 in
1532 1114 1655 1154 titulo
1683 1113 1870 1153 ”Dueni”.
1924 1113 2041 1161 Quod
2069 1115 2103 1153 si
2132 1127 2275 1154 uerum
2304 1118 2379 1164 est,

288 1178 397 1229 quod
440 1190 556 1229 posse
598 1190 742 1217 uerum
784 1190 871 1217 esse
916 1190 994 1217 non
1041 1178 1291 1227 negauerim,
1332 1178 1522 1217 nimirum
1565 1177 1607 1215 in
1651 1176 1830 1217 carmine
1874 1175 2024 1217 Saliari
2060 1177 2183 1218 scribi
2216 1180 2381 1230 oportet

290 1243 328 1282 h.
360 1242 399 1281 l.:
444 1241 615 1281 cosmis
657 1254 704 1279 es
746 1240 932 1280 laneus.
989 1241 1067 1280 Sed
1110 1255 1225 1280 nemo
1255 1241 1391 1281 adhuc
1433 1235 1571 1281 eorum
1617 1242 1688 1290 qui
1731 1241 1902 1281 ’cosmis'
1944 1255 2019 1293 pro
2053 1242 2203 1282 'comis’
2238 1243 2279 1281 in
2314 1242 2379 1288 tit,

291 1306 425 1345 Dueni
469 1306 647 1356 positum
691 1317 778 1344 esse
820 1304 975 1350 dicunt,
1011 1318 1061 1344 ea
1089 1305 1429 1356 interpretatione
1458 1304 1702 1344 sententiam
1732 1303 1986 1355 probabilem
2015 1304 2124 1345 fecit.
2179 1305 2292 1345 Dura
2319 1308 2382 1346 est

291 1370 398 1410 enim
428 1368 689 1421 aposiopesis,
725 1380 848 1418 quam
878 1368 1019 1409 durior
1048 1370 1171 1409 etiam
1200 1370 1353 1420 exeipit
1383 1369 1540 1420 ellipsis
1568 1383 1634 1422 ap.
1665 1368 1783 1408 Pauli
1812 1368 1919 1408 altit.
1950 1367 2063 1409 Stud.
2091 1369 2113 1408 I
2142 1369 2212 1419 463
2241 1369 2312 1410 ”ne
2341 1372 2382 1409 te

292 1435 403 1473 intro
447 1435 514 1483 (sc.
559 1433 712 1482 mittat)
743 1456 794 1460 —
823 1434 947 1472 comis
990 1434 1109 1484 uirgo
1152 1435 1206 1471 sit
1247 1434 1321 1484 (sc.
1357 1435 1421 1472 cui
1459 1439 1498 1473 te
1528 1433 1721 1481 mittat)”;
1750 1432 1853 1471 illud
1885 1447 1981 1473 uero
2009 1433 2229 1473 ridiculum
2256 1438 2406 1484 atque.

293 1497 517 1538 absurdum
549 1495 657 1546 quod
687 1496 821 1547 placet
851 1496 1028 1536 Iordano
1061 1497 1180 1536 Vind.
1212 1511 1333 1537 serm.
1362 1497 1518 1547 Regim.
1551 1496 1667 1541 1882,
1697 1509 1849 1536 comem
1877 1509 1925 1537 ac
1955 1497 2171 1548 benignam
2201 1490 2381 1549 puellam

292 1576 318 1601 a
360 1562 486 1601 sacris
528 1560 669 1612 procul
712 1573 797 1599 esse
832 1561 977 1610 iuberi,
1008 1564 1064 1611 at,
1095 1561 1229 1609 eredo,
1259 1562 1369 1600 tristi
1399 1564 1525 1611 atque
1554 1573 1725 1612 asperae
1754 1561 1882 1600 saeris
1910 1560 2120 1601 imteresse
2148 1561 2277 1600 licuit.
2334 1560 2382 1601 In

292 1638 431 1665 omnes
459 1628 596 1663 autem
626 1623 832 1671 mulieres,
868 1627 910 1663 et
944 1637 1077 1664 comes
1106 1630 1147 1664 et
1176 1638 1355 1676 asperas,
1385 1625 1497 1664 cadit
1525 1625 1631 1675 quod
1662 1624 1777 1664 iubet
1807 1624 1915 1664 Festi
1945 1624 2056 1665 locus
2083 1639 2121 1676 p.
2150 1625 2202 1664 82
2231 1624 2384 1665 ”hostis

293 1689 457 1728 uinctus
490 1687 638 1726 mulier
668 1686 786 1737 uirgo
815 1687 989 1727 exesto”.
1049 1688 1106 1727 Ac
1136 1700 1183 1727 ne
1214 1690 1407 1728 comitate
1437 1688 1601 1738 quidem
1632 1688 1724 1731 uiri,
1754 1700 1879 1738 quam
1908 1688 2114 1740 intellegit
2142 1688 2304 1729 Osthoff
2328 1688 2382 1729 M.

293 1752 368 1791 Rh.
416 1751 594 1790 XXXVI
638 1751 715 1790 486
760 1750 812 1789 ad
855 1751 1106 1801 grauitatem
1142 1765 1350 1791 sacrorum
1381 1752 1546 1791 illorum
1575 1765 1676 1803 opus
1704 1752 1829 1792 fuisse
1859 1752 2058 1801 arbitror3
2088 1753 2247 1792 accedit
2274 1753 2383 1804 quod

293 1816 514 1867 originatio
555 1814 729 1854 Osthoffi
763 1814 939 1854 dicentis
968 1829 1192 1855 co-smem
1223 1816 1379 1854 dictum
1409 1817 1528 1866 quasi
1557 1815 1841 1855 con-sim-ilem
1871 1829 1951 1855 non
1979 1816 2080 1855 satis
2108 1829 2199 1856 cum
2229 1816 2382 1867 signifi·

294 1880 454 1919 catione
497 1878 608 1918 illius
651 1879 795 1918 comis
837 1879 1040 1918 conuenit.
1097 1877 1227 1919 Credo
1269 1879 1400 1919 locum
1444 1879 1561 1919 illum
1603 1880 1661 1919 sic
1703 1892 1789 1919 esse
1817 1879 2191 1931 interpretandum:
2222 1880 2384 1920 neited

295 1944 415 1983 endo
460 1944 631 1981 cosmis
673 1943 748 1981 uir
790 1942 951 1982 cosied
994 1942 1149 1981 asted:
1187 1944 1346 1983 nitatur
1374 1944 1448 1991 (sic
1477 1942 1656 1993 Osthoff)
1684 1944 1705 1981 i.
1738 1956 1770 1982 e.
1802 1947 1931 1990 curet,
1960 1944 2092 1982 intus
2112 1946 2279 1985 ‚comes
2308 1943 2385 1982 uir

297 2021 389 2047 una
432 2007 497 2046 sit
539 2005 717 2046 adstet.
774 2005 852 2045 Sed
896 2008 989 2044 utut
1031 2019 1081 2045 ea
1123 2019 1187 2044 res
1216 2019 1258 2044 se
1287 2005 1425 2053 habet,
1454 2006 1541 2045 ueri
1572 2006 1705 2044 simile
1734 2006 1835 2045 mihi
1864 2006 2029 2056 uidetur
2057 2019 2294 2046 couemem
2324 2006 2385 2045 vel

296 2078 482 2113 comem,
526 2082 623 2108 uoce
665 2073 707 2109 et
749 2068 1049 2119 significatione
1092 2070 1351 2108 coniunctum
1396 2082 1487 2108 cum
1531 2069 1656 2108 uerbo
1685 2069 1973 2117 conueniend0‚
2002 2069 2203 2108 translate
2231 2068 2383 2108 dictum

296 2135 428 2186 primo
458 2134 575 2184 quasi
605 2132 931 2179 conuenientem,
962 2136 1010 2170 ut
1039 2133 1167 2171 nostri
1187 2132 1330 2171 dicunt
1358 2131 1728 2181 tillmiitesgaende‚
1748 2132 1933 2182 germani
1953 2131 2385 2183 entgegenkommend.

296 2197 357 2235 Ea
386 2195 626 2248 principalis
656 2195 905 2244 significatio
936 2194 1010 2233 hoc
1040 2194 1126 2234 loco
1155 2195 1346 2233 carminis
1376 2193 1546 2233 Saliaris
1576 2199 1725 2238 exstat,
1755 2208 1846 2234 nam
1876 2195 2005 2234 uerba
2033 2195 2106 2234 illa
2126 2194 2324 2235 '‘couemis
2343 2209 2386 2235 es

296 2262 450 2303 janeus,
495 2258 638 2298 Ianes”
675 2258 749 2298 hoc
779 2257 1028 2308 significent:
1058 2258 1256 2308 ”benigno
1287 2258 1452 2297 numine
1481 2258 1579 2298 ades
1609 2259 1869 2309 (imperatiuo
1898 2258 2029 2309 modo)
2060 2258 2157 2299 Iane
2186 2258 2385 2298 Patulcil”
2439 2271 2442 2276 ·

296 2324 497 2364 Similiter
525 2321 681 2362 Ennius
712 2335 777 2374 ap.
807 2321 887 2361 Cic.
918 2335 992 2374 pro
1007 2322 1136 2362 Balbo
1161 2321 1220 2360 16.
1242 2321 1291 2360 36
1313 2322 1406 2371 ”qui
1426 2323 1584 2361 erranti
1605 2322 1808 2361 comiter
1828 2325 2030 2362 monstrat
2049 2322 2193 2362 uiam”.
2222 2321 2385 2362 Comem

296 2388 414 2438 quasi
448 2386 701 2427 commodum
739 2387 871 2438 primo
901 2387 1054 2426 dictum
1085 2391 1207 2438 putat
1235 2387 1331 2427 Pott
1362 2387 1485 2427 Wwb.
1515 2387 1568 2427 11.
1599 2389 1635 2426 1.
1670 2389 1761 2436 1523
1804 2388 1896 2428 inde
1926 2388 2051 2428 comis
2078 2387 2231 2428 dicitur
2259 2388 2385 2428 etiam

296 2452 497 2491 iucundus
540 2455 581 2491 et
616 2450 845 2502 hospitalis,
888 2451 997 2501 quod
1042 2452 1204 2491 minime
1249 2465 1273 2491 a
1302 2452 1567 2491 conueniendi
1598 2453 1725 2492 uerbo
1754 2452 1973 2504 discrepat,
2004 2466 2083 2504 quo
2112 2451 2275 2504 quidem
2305 2451 2386 2492 Ca-

297 2516 427 2555 tullus
457 2515 513 2555 sic
542 2528 638 2554 usus
668 2519 730 2554 est
758 2516 821 2554 57.
855 2516 871 2553 l
906 2527 963 2565 sq.
996 2514 1159 2566 ”pulcre
1188 2516 1417 2555 conuenit
1446 2516 1642 2567 improbis
1671 2517 1864 2563 cinaedis,
1887 2516 2121 2557 Mamurrae
2140 2516 2387 2568 pathicoque

297 2579 559 2629 Caesarique.
581 2602 618 2606 -
639 2601 675 2606 -
696 2579 871 2618 morbosi
902 2579 1073 2629 pariter,
1093 2579 1269 2630 gemelli,
1291 2580 1457 2629 utrique
1477 2593 1557 2618 uno
1578 2581 1618 2619 in
1641 2580 1802 2625 lectulo=
1824 2580 2022 2626 erudituli
2042 2580 2183 2620 ambo”
2204 2581 2311 2630 (nam
2331 2580 2388 2619 sic

298 2644 576 2695 interpungo).
633 2642 746 2690 Quod
777 2646 915 2682 autem
944 2647 1008 2682 est
1037 2643 1078 2682 in
1108 2643 1244 2684 codice
1274 2642 1460 2684 Parisino
1490 2644 1604 2683 7690.
1640 2646 1712 2684 175
1743 2644 1925 2685 Hildebr.
1951 2668 1993 2674 —
2018 2657 2112 2685 nam
2143 2644 2250 2684 hunc
2278 2643 2385 2684 codi-

298 2720 386 2747 cem
432 2707 481 2746 H.
512 2707 653 2754 edidit,
686 2720 764 2746 non
794 2708 911 2751 7651,
941 2720 980 2745 ιι.
1011 2706 1148 2746 Loewe
1180 2707 1320 2746 Prodr.
1353 2721 1390 2758 p.
1421 2708 1471 2746 88
1500 2729 1550 2735 —
1581 2707 1760 2749 ”comis
1791 2709 1997 2760 particeps
2025 2709 2092 2748 uel
2120 2707 2386 2749 conueniens”

298 2771 340 2810 id
383 2771 484 2810 mihi
529 2774 760 2820 suspectum
804 2774 881 2817 est,
916 2773 970 2817 et,
1001 2770 1134 2815 credo„
1164 2769 1379 2820 legendum
1411 2770 1485 2808 sic:
1516 2769 1701 2820 ”comes‚
1732 2785 1769 2821 p.
1801 2785 1838 2810 ιι.
1869 2771 1935 2810 c.”.
1992 2771 2215 2811 Praeterea
2242 2771 2285 2810 in
2312 2771 2388 2811 hoc

298 2839 384 2875 tam
427 2835 599 2885 antiquo
642 2835 819 2874 carmine
849 2835 1139 2887 co(gu)emis
1173 2833 1330 2885 aliquid
1361 2834 1410 2874 de
1439 2833 1656 2885 principali
1687 2835 1953 2876 conueniendi
1984 2833 2281 2886 significatione
2309 2833 2388 2874 for-

299 2899 410 2938 sitan
440 2898 669 2937 retinuerit.
726 2897 828 2936 Nam
860 2898 917 2937 sol
949 2911 1037 2937 cum
1068 2899 1204 2938 omnia
1234 2898 1363 2937 radiis
1391 2899 1532 2943 intret,
1561 2898 1613 2937 ab
1642 2899 1829 2938 omnibus
1857 2899 2132 2950 conspiciatur
2161 2901 2207 2937 ut
2231 2911 2256 2937 a
2276 2897 2388 2938 nullo

298 2966 352 3004 sit
382 2978 568 3008 auersus,
598 2964 812 3014 oriensque
843 2964 961 3013 quasi
998 2965 1184 3004 omnibus
1214 2966 1356 3004 uenire
1386 2964 1550 3003 obuiam
1581 2963 1784 3006 uideatur,
1814 2977 1892 3003 non
1922 2963 2099 3002 absurde
2127 2962 2181 3002 ab
2209 2962 2291 3001 illis
2318 2963 2388 3013 qui

299 3033 386 3068 tum
430 3031 551 3068 erant
593 3027 823 3068 hominibus
869 3027 950 3067 dici
995 3028 1129 3079 potuit
1172 3028 1244 3068 has
1289 3031 1423 3068 terras
1465 3027 1743 3077 humanosque
1772 3030 1912 3067 coetus
1940 3023 2179 3066 conuenire·
2225 3024 2388 3065 Persius

299 3093 465 3144 quidem
495 3093 538 3131 in
568 3092 587 3130 I
617 3091 702 3131 Sat.
733 3093 781 3130 55
812 3093 960 3131 Ianum
989 3091 1204 3131 Geminum
1234 3092 1414 3131 ostendit
1443 3105 1467 3130 a
1503 3090 1615 3129 nullo
1650 3103 1735 3129 esse
1764 3102 1966 3130 auersum.
2024 3088 2078 3127 Et
2107 3088 2388 3128 Tertullianus
