2648 3533
345 319 534 367 'Macrob.
566 321 586 362 Ι
615 321 732 362 9.16
774 321 961 373 '’(Ianum
988 321 1206 364 Iunonium
1235 322 1487 375 inuocamus)
1534 297 1675 376 quasi
1695 304 1789 370 ιιοιι-
1791 298 1952 367 εὀΙιιιιι
1953 319 2127 371 mensis
2136 373 2139 377 .

351 385 550 425 mensium
584 386 765 426 omnium
797 388 1011 439 ingressus
1038 390 1264 435 tenentem3
1298 387 1341 426 in
1374 386 1547 427 dicione
1559 389 1698 427 autem
1725 377 1894 426 Iunonis
1921 373 2033 429 suxit
2033 381 2375 433 omnus
2428 377 2432 382 ⁹
2472 376 2475 378 ’

352 449 459 490 unde
486 454 529 490 et
560 449 711 501 Varro
739 449 868 490 libro
903 450 1073 501 quinto
1101 463 1262 491 rerum
1292 449 1569 490 diuinarum
1605 449 1749 489 scribit
1775 447 1877 490 Iano
1905 442 2132 490 duodecim
2142 443 2261 491 ara&-
2250 439 2511 507 propib-‘³575

351 513 480 554 tidem
511 513 718 554 mensibus
746 513 959 553 dedicatas
986 513 1110 565 esse'ffi
1140 512 1295 554 Huius
1300 513 1360 553 rei
1388 513 1591 554 rationem
1620 511 1766 554 attulit
1793 510 2040 553 Plutarchus
2063 511 2091 552 l.
2119 526 2153 553 c.
2182 523 2216 553 c.
2231 510 2311 561 24
2322 501 2440 559 ’Δζιδ

350 575 394 617 τί
421 580 536 629 τρεῖς
563 581 640 617 τοῦ
667 574 792 630 μηνὸς
819 573 947 628 οἷρχάς
974 575 1043 616 καὶ
1076 574 1346 628 προθεσμίας
1387 572 1550 624 ἔχουσιν
1572 570 1620 625 οὖ
1647 573 1775 615 ‘cauco
1801 574 2013 630 διάστημα
2039 578 2120 615 τῶν
2146 574 2310 630 ἤμερῶν-
2332 567 2479 627 λα’μὲν”

349 639 582 692 fidum-eg?
611 666 662 671 —-
692 666 743 671 —
771 640 837 680 ὅτι
867 645 966 688 ταῖς
998 645 1071 693 τῆς
1105 639 1270 694 σελήνης
1302 641 1529 692 διαφοραῖς
1569 636 1773 690 ὁρίζοντες
1805 637 1877 679 τὸν
1908 638 2064 693 χρόνον,
2092 636 2226 694 ἑωρων
2251 636 2295 679 ἐν
2321 638 2465 693 ‘comi'-

349 704 564 759 γινομένην
592 704 819 758 διαφοραῖς
847 708 920 758 τῆν
949 703 1118 758 σελὴννν
1146 704 1252 744 κατὰ
1292 709 1401 757 μῆια
1434 707 1531 751 ταις
1563 701 1795 756 μεγίσταις·
1838 718 1982 759 πρωτη
2007 703 2082 755 μὲν
2113 701 2178 745 ὅτι
2207 701 2435 757 κρύπτει-ἂι

351 766 548 807 σύνοδον
575 767 888 821 ποιησαμένη
917 766 1036 821 π’ρὸς
1063 768 1201 820 ἥλιον
1229 783 1320 809 κτε.
1356 769 1462 809 Item
1495 769 1674 809 Roscher
1703 769 1781 808 lex.
1811 782 1849 820 p.
1884 767 1989 808 2098
2021 769 2201 810 ostendit
2230 768 2436 809 Kalendas

350 845 439 873 esse
468 832 565 873 solis
585 836 636 872 et
664 832 786 872 lunae
805 831 987 872 σύνοδοι.
1046 833 1196 873 Ianus
1225 833 1459 874 Iunonius
1488 846 1600 884 ergo
1629 836 1720 873 est.
1729 831 1820 872 Sol.

458 895 548 936 Iam
578 897 679 936 satis
707 896 899 936 attulisse
928 897 1072 936 uideor
1100 910 1173 936 cur
1200 897 1429 947 putandum
1458 897 1511 936 sit
1545 895 1691 936 Ianum
1721 897 1854 947 primo
1883 895 2007 936 fuisse
2036 895 2182 937 Solem.
2239 896 2350 937 Haec
2373 900 2434 936 ta-
2456 887 2465 892 ²

352 972 443 999 men
471 959 521 998 de
550 973 596 998 eo
624 959 760 1009 opinio
789 959 882 998 inde
913 973 938 998 a
966 966 1148 1009 tempore
1177 961 1278 999 satis
1307 961 1478 1009 antiquo
1507 973 1556 999 ex
1585 959 1733 998 animis
1763 958 1966 998 hominum
1995 958 2168 998 effluxit.
2212 958 2265 998 Et
2293 971 2433 1010 quem

351 1023 570 1063 admodum
602 1023 816 1070 uocabula,
846 1037 937 1063 cum
974 1037 1102 1064 nouae
1145 1024 1464 1075 significationes
1505 1026 1762 1065 accesserunt
1803 1021 2219 1078 praemafflemntquea
2248 1022 2334 1063 loco
2361 1035 2435 1063 suo

351 1099 398 1126 ac
426 1086 521 1126 sede
550 1099 599 1126 ea
628 1086 669 1125 in
698 1098 780 1137 qua
808 1086 983 1137 primum
1015 1091 1134 1126 erant
1163 1087 1374 1133 collocata,
1403 1086 1624 1138 paullatim
1668 1090 1897 1132 mouentur,
1939 1086 1997 1125 sic
2025 1085 2126 1126 Iano
2156 1085 2321 1127 uidetur
2348 1098 2436 1128 esse

351 1151 518 1193 factum,
549 1154 595 1188 ut
624 1150 869 1189 secundaria
898 1164 945 1188 ac
974 1151 1170 1201 specialia
1199 1150 1401 1199 quaedam
1432 1149 1698 1200 principalem
1728 1149 1810 1188 uim
1841 1149 2122 1189 obscurarent.
2179 1150 2295 1190 Adde
2324 1150 2432 1200 quod
2461 1151 2465 1154 ’

350 1213 478 1254 Ianus
507 1213 662 1265 pariter
690 1218 813 1264 atque
842 1213 915 1252 alii
944 1213 986 1253 di
1016 1217 1175 1254 ueteres
1217 1220 1258 1254 et
1300 1213 1459 1254 romani
1502 1227 1691 1264 magnam
1734 1216 1892 1265 partem
1936 1214 2154 1264 potestatis
2182 1226 2328 1264 graeco
2356 1213 2432 1256 deo

351 1277 485 1318 cessit.
541 1275 646 1317 Nam
677 1276 822 1328 Apollo
852 1276 944 1316 inde
986 1276 1039 1316 ab
1084 1277 1330 1316 Hannibalis
1373 1266 1537 1326 quidein
1583 1275 1701 1323 bello,
1743 1289 1834 1315 cum
1864 1275 2033 1316 Romani
2063 1279 2320 1327 praesentem
2348 1277 2436 1317 eius

352 1355 471 1393 opem
501 1345 693 1392 expertos
723 1354 808 1381 esse
838 1354 924 1380 sese
954 1341 1180 1387 crederent,
1223 1341 1332 1391 apud
1375 1341 1576 1380 Romanos
1617 1343 1658 1378 et
1699 1340 1947 1379 auctoritate
1980 1343 2022 1378 et
2054 1339 2257 1391 dignitate
2286 1353 2435 1391 magna

350 1404 502 1445 floruit.
560 1404 614 1444 Et
648 1404 829 1455 Apollini
863 1402 1020 1455 ‘'Hlaog,
1063 1404 1165 1444 Iano
1208 1404 1286 1452 Sol,
1330 1406 1449 1454 quasi
1491 1397 1666 1443 alterum
1700 1416 1748 1443 ac
1784 1417 1933 1444 nouum
1969 1417 2130 1449 numen,
2165 1404 2330 1445 additus
2358 1409 2433 1445 est.

351 1467 429 1508 Sed
458 1469 768 1520 quibuscunque
798 1468 932 1508 causis
960 1467 1113 1508 factum
1143 1472 1215 1516 est,
1256 1472 1454 1518 quantam
1498 1468 1540 1507 in
1584 1466 1877 1508 obscuritatem
1910 1481 2056 1508 numen
2086 1466 2175 1508 Iani
2204 1471 2431 1520 temporum

350 1533 526 1573 decursu
555 1534 608 1572 sit
636 1532 860 1572 deductum
904 1532 1053 1572 indicio
1097 1536 1159 1571 est
1202 1532 1422 1571 multitudo
1458 1532 1871 1581 ‘interpretationum3
1913 1531 2037 1571 aliter
2079 1531 2254 1584 exempli
2289 1545 2434 1572 caussa

350 1596 598 1636 Plutarchus
626 1609 718 1647 κεφ.
746 1609 911 1647 καταγρ.
941 1596 1040 1646 ῥωμ.
1071 1609 1102 1635 c.
1134 1598 1203 1643 413
1233 1596 1357 1635 aliter
1387 1595 1552 1635 Seruius
1581 1595 1633 1634 ad
1664 1595 1696 1634 1.
1726 1595 1822 1643 2953
1855 1594 1946 1634 VII.
1976 1595 2067 1642 607,
2096 1595 2192 1644 6103
2221 1595 2317 1645 XII.
2338 1595 2434 1644 1983

349 1660 472 1700 aliter
503 1660 756 1711 Augustinus
785 1658 827 1697 C.
860 1659 904 1698 D.
940 1658 1017 1698 VII
1047 1673 1080 1698 e.
1110 1660 1146 1699 8.
1204 1659 1382 1701 Maxime
1417 1673 1514 1699 uero
1544 1659 1618 1699 hoc
1645 1659 1832 1699 declarat
1860 1659 1969 1711 quod
2000 1659 2143 1708 Varro,
2180 1659 2300 1699 homo
2328 1660 2434 1700 anti-

349 1725 522 1776 quitatis
551 1737 744 1764 romanae
770 1724 1053 1774 peritissimus,
1090 1723 1233 1763 Ianum
1264 1722 1431 1764 Caelum
1473 1724 1770 1775 interpretatus
1800 1726 1875 1762 est.
1937 1722 2012 1763 Hic
2041 1722 2168 1774 igitur
2196 1721 2434 1765 deuenimus

349 1787 402 1827 ad
432 1787 712 1838 quaestionem
742 1786 1037 1838 perdifficilem.
1086 1786 1314 1826 Secundum
1345 1800 1393 1826 ea
1422 1799 1525 1838 quae
1555 1787 1738 1838 exposita
1767 1790 1861 1826 sunt
1888 1786 1992 1826 hanc
2020 1786 2296 1836 quaestionem
2327 1801 2435 1828 nunc

349 1853 407 1891 sic
435 1864 587 1902 ponere
614 1850 726 1890 licet:
758 1854 898 1889 utrum
928 1850 1056 1890 Ianus
1084 1852 1286 1902 principio
1315 1855 1475 1890 tantum
1505 1851 1573 1890 Sol
1609 1851 1748 1897 fuerit,
1781 1863 1833 1890 an
1863 1851 1990 1890 etiam
2018 1849 2181 1890 Caelus.
2237 1850 2280 1891 Si
2308 1852 2433 1892 etiam

350 1914 512 1959 Caelus,
544 1914 674 1954 Varro
702 1927 794 1953 cum
825 1927 948 1953 unum
977 1914 1025 1953 id.
1050 1915 1219 1958 uideret,
1250 1919 1387 1954 tamen
1413 1915 1603 1965 'opinione
1634 1927 1713 1953 non
1743 1914 1906 1954 omnino
1935 1913 2129 1965 deceptus
2159 1918 2232 1954 est.

458 1979 566 2018 Huic
595 1978 824 2028 quaestioni
855 1978 927 2016 illa
956 1978 1176 2017 coniuncta
1205 1982 1266 2016 est
1295 1978 1393 2028 quid
1437 1977 1668 2027 significent
1711 1977 1895 2027 geminae
1937 1981 2080 2027 portae
2108 1976 2200 2016 Iani
2229 1981 2271 2017 et
2298 1979 2433 2030 imago

352 2039 521 2081 bifrons.
1376 2090 1389 2100 .
2135 2056 2137 2058 ·

458 2102 653 2145 Bifrontis
694 2105 824 2157 igitur
865 2103 955 2144 Iani
986 2104 1223 2144 memoriam
1259 2104 1352 2143 inde
1382 2117 1406 2143 a
1437 2102 1592 2143 Numae
1621 2106 1756 2143 aetate
1786 2103 1914 2154 repeti
1945 2103 2134 2155 uidimus,
2163 2103 2433 2152 Quadrifrons

348 2170 523 2209 Faleriis
553 2168 724 2208 Romam
756 2169 869 2207 uenit
911 2168 1076 2207 circiter
1119 2182 1269 2207 annum
1313 2182 1350 2207 u.
1393 2166 1632 2206 CCCCLXI.
1691 2167 1766 2206 Hic
1810 2168 1934 2207 Ianus
1976 2169 2135 2218 origine
2164 2173 2280 2208 tusca
2308 2170 2433 2210 fuerit

349 2247 474 2274 necne
502 2233 748 2284 ambigitur3
785 2232 980 2281 Falerios,
1010 2245 1258 2284 quamquam
1289 2232 1359 2272 diu
1388 2232 1555 2272 fuerunt
1583 2231 1658 2272 sub
1687 2231 1857 2282 imperio
1886 2231 2162 2282 Etruscorum,
2192 2235 2329 2274 tamen
2353 2247 2431 2276 non

348 2300 457 2351 ipsos
500 2297 694 2338 Etruscos
737 2297 861 2337 fuisse
890 2298 991 2336 satis
1020 2302 1193 2348 apparet
1222 2310 1273 2337 ex
1303 2309 1499 2336 sermone.
1530 2295 1614 2336 Nec
1643 2308 1740 2335 uero
1767 2294 1871 2334 illud
1899 2299 1961 2335 est
1988 2298 2125 2336 tuscae
2154 2297 2323 2348 originis
2351 2298 2432 2350 sig-

349 2376 444 2403 num
474 2362 583 2413 quod
613 2360 656 2401 G.
686 2361 729 2400 Ο.
763 2361 934 2401 Mueller
962 2364 1003 2400 et
1036 2360 1193 2400 Deecke
1222 2361 1442 2400 secuudum
1482 2359 1676 2400 Varronis
1704 2359 2083 2410 interpretationem
2113 2360 2257 2400 dicunt
2286 2361 2431 2403 Ianum

348 2425 684 2474 Quadrifrontem
711 2424 945 2475 significare
979 2428 1175 2475 quattuor
1203 2428 1343 2476 partes
1387 2423 1548 2471 mundi3
1591 2422 1701 2473 quod
1745 2435 1823 2461 non
1851 2426 1936 2461 tam
1966 2426 2082 2462 tusca
2109 2436 2232 2474 quam
2260 2432 2439 2467 romana

348 2494 450 2539 erat,
479 2490 513 2529 si
543 2488 727 2528 Ciceroni
756 2489 806 2528 de
836 2488 962 2528 diuin.
993 2488 1037 2525 II
1067 2488 1090 2539 ξ
1120 2490 1169 2527 42
1200 2487 1414 2534 credimus,
1443 2487 1592 2526 diuisio
1622 2485 1762 2536 templi
1793 2485 2107 2536 quadripertita.
2145 2487 2262 2535 Quod
2291 2492 2431 2528 autem

348 2553 482 2592 Varro
510 2556 706 2602 posuerat
737 2551 956 2591 bifrontem
986 2550 1131 2590 Ianum
1162 2551 1319 2590 caelum
1353 2551 1606 2601 bipertitum,
1636 2549 1962 2608 quadrifrontem
1983 2550 2330 2602 quadripertitum
2351 2553 2431 2604 sig·

349 2616 527 2666 nificare,
570 2621 712 2664 contra
755 2615 796 2655 id
840 2616 1099 2666 Augustinus
1132 2614 1174 2655 C.
1206 2615 1251 2655 D.
1284 2614 1376 2654 VII.
1407 2628 1440 2654 c.
1471 2615 1506 2653 8.
1537 2612 1716 2654 ostendit
1743 2625 1812 2652 eas
1840 2611 2063 2653 diuisiones
2092 2627 2117 2654 a
2144 2614 2331 2656 sensibus
2359 2626 2429 2655 no-

288 2705 292 2709 -
347 2679 445 2722 stris
474 2692 560 2718 esse
589 2682 765 2718 remotas
794 2682 920 2729 atque
950 2678 1051 2719 adeo
1081 2680 1263 2719 ficticias.
1316 2679 1417 2719 Inde
1448 2679 1517 2718 uix
1548 2677 1685 2730 potuit
1715 2677 1916 2716 mentibus
1945 2677 2153 2731 hominum
2181 2678 2323 2719 datum
2343 2691 2430 2734 esse
2485 2675 2489 2677 ’

347 2742 593 2795 principium
622 2741 714 2781 Iani
743 2742 920 2782 numinis
952 2744 1215 2794 concipiendi.
1273 2743 1425 2792 Quodsi
1461 2757 1509 2783 ea
1544 2742 1688 2782 fuisset
1716 2740 1807 2782 Iani
1836 2743 1964 2793 origo,
1993 2744 2188 2795 antiquus
2228 2743 2298 2784 ille
2328 2743 2431 2785 deus

348 2806 487 2859 populi
516 2807 686 2851 romani,
717 2808 782 2846 cui
811 2807 990 2846 omnium
1020 2820 1157 2847 rerum
1190 2808 1308 2848 initia
1336 2811 1472 2847 essent
1500 2807 1724 2857 assignata,
1754 2806 1853 2846 nihil
1884 2807 1996 2847 aliud
2026 2807 2170 2848 fuisset
2194 2798 2321 2858 'quam
2343 2798 2431 2850 effi-

348 2872 436 2921 gies
464 2870 706 2919 disciplinae
734 2869 947 2921 auguralis
977 2870 1086 2910 illius
1117 2874 1200 2910 tam
1230 2871 1447 2911 abstrusae
1483 2874 1650 2921 tamque
1693 2871 1833 2921 paucis
1861 2866 2060 2921 cognitae.
2115 2871 2238 2919 Quod
2261 2871 2432 2912 nonest
2455 2915 2461 2922 Ι

348 2936 435 2975 ueri
465 2933 607 2974 simile.
665 2933 743 2974 Sed
774 2938 910 2974 tamen
939 2933 1097 2985 aliquid
1127 2936 1213 2975 ueri
1244 2935 1285 2974 in
1314 2936 1473 2975 ratione
1504 2934 1699 2974 Varronis
1728 2935 1893 2975 uidetur
1927 2935 2100 2976 subesse.
2157 2935 2274 2976 Nunc
2302 2926 2447 2987 igitur.
2535 2978 2539 2983 ,

349 2998 465 3038 nobis
497 2998 751 3049 propositum
783 3002 846 3038 est
874 3002 922 3037 ut
951 2998 1275 3039 demonstremus
1305 2998 1392 3039 Iani
1423 3011 1569 3039 numen
1608 3012 1684 3038 non
1714 3013 1800 3039 esse
1835 2999 2002 3040 ductum
2031 3013 2081 3040 ex
2112 2999 2329 3051 disciplina
2356 3012 2428 3053 au·
2465 3040 2468 3042 ,
2512 2993 2515 2997 ’
2576 3044 2588 3049 Ν

348 3062 498 3115 gurali,
527 3061 598 3102 sed
627 3075 677 3101 ea
705 3063 814 3102 inter
844 3076 887 3102 se
916 3066 1052 3102 tamen
1082 3063 1312 3107 cohaerere,
1341 3067 1382 3102 et
1411 3062 1501 3102 Iani
1532 3061 1596 3102 uel
1620 3062 1808 3102 bifrontis
1824 3063 1889 3104 uel
1910 3063 2210 3114 quadrifrontis
2229 3062 2428 3114 originem
2522 3074 2538 3106 ·,
2562 3054 2622 3123 (ἶ
